3009 5200
468 440 625 497 Conlatio
647 442 679 506 V,
697 442 809 498 23-26.
1142 445 1204 511 149
1258 498 1261 503 .

87 649 152 695 curn
178 630 560 711 autemiinmundus
590 632 760 717 spiritus
790 630 935 698 exierit
961 632 1006 697 ab
1028 632 1203 713 homine,

86 732 241 799 ambulat
272 753 343 817 per
372 736 457 802 loca
486 734 598 801 arida
627 751 818 819 quaerens
848 737 1038 820 requiem,
1068 739 1106 802 et
1127 754 1203 802 non

85 836 233 902 inuenit
271 841 371 903 tunc
394 838 716 903 dicitz-reuertar
737 838 777 903 in
801 838 952 905 domum
966 835 1203 905 meamunde

85 940 184 1005 enini:
206 942 247 1005 et
271 941 439 1007 ueniens
462 940 618 1007 inuenit
639 942 865 1022 uocantem,
881 941 1017 1025 scopis
1040 940 1202 1007 munda·

72 1055 145 1107 raam
166 1045 202 1108 et
225 1048 430 1110 ornatam:
453 1048 546 1111 tunc
568 1044 681 1110 uadit
703 1045 742 1109 et
764 1044 940 1111 adsumit
962 1046 1061 1112 alios
1084 1046 1201 1129 spiri·

85 1152 131 1211 tus
149 1147 304 1230 septem
327 1149 538 1232 nequiores
561 1167 619 1227 se,
636 1146 893 1213 etintrautes
916 1147 1105 1216 habitant
1127 1148 1201 1215 ibi:

85 1254 112 1314 at
135 1250 239 1315 fiunt
272 1252 501 1319 nouissima
535 1250 705 1319 hominis
737 1251 856 1317 illius
889 1251 1201 1336 peiorapriori·

84 1354 147 1419 bus.
182 1370 253 1419 ecoe
277 1357 317 1419 ut
339 1354 385 1421 ibi
408 1358 527 1438 septem
549 1357 657 1437 gentes
672 1352 808 1439 legimus
831 1356 957 1439 excepta
971 1354 1201 1439 Aegyptiorum

85 1459 111 1521 da
134 1475 190 1539 qua
217 1458 343 1542 egressi
364 1457 488 1525 fuerant
509 1456 569 1524 filii
590 1456 720 1539 Israhel,
743 1458 791 1521 ita
812 1460 845 1522 et
866 1457 919 1522 bic
940 1460 1061 1539 septem
1083 1458 1200 1524 reuerti

65 1559 194 1641 rrspiriins
229 1560 385 1626 dicuntur
411 1560 555 1627 inmundi
585 1563 711 1643 excepto
742 1578 777 1625 eo
807 1559 862 1641 qui
890 1561 929 1626 ab
960 1559 1084 1626 homine
1109 1560 1198 1643 prius

86 1664 208 1726 narratur
231 1681 391 1746 egressus.
426 1661 462 1726 de
484 1662 543 1727 hoo
565 1662 738 1745 septenario
762 1661 871 1727 fomite
885 1662 1037 1729 uitiorum
1051 1662 1231 1739 Salomou2

87 1782 185 1847 queque
199 1765 234 1829 in
250 1763 433 1831 Pronerbiis
448 1766 495 1830 ita
510 1764 671 1832 describit:
687 1766 720 1831 si
741 1768 779 1830 te
793 1766 992 1849 rogauerit
1011 1766 1199 1834 iuimicus

87 1887 157 1934 uoce
184 1886 344 1952 magna,
377 1888 421 1934 ne
454 1869 705 1935 consenseris
735 1870 786 1935 ei:
817 1871 968 1951 septem
1001 1868 1106 1933 enirn
1136 1889 1199 1936 ne·

88 1971 221 2055 quitiae
249 1972 350 2037 sunt
377 1973 417 2037 in
445 1970 692 2037 animosius:
716 1970 748 2037 id
772 1972 820 2036 est
842 1972 870 2036 si
892 1973 1056 2053 superatus
1079 1971 1197 2057 gastri-

67 2076 200 2158 renegias
223 2076 359 2158 spiritus
381 2074 517 2156 coeperit
538 2072 597 2138 tibi
613 2092 669 2139 sua
683 2071 904 2138 humiliatione
919 2071 1065 2152 blandiri,
1082 2091 1195 2157 rogans

89 2178 292 2261 quodammodo
321 2180 358 2243 ut
387 2176 505 2260 aliquid
534 2176 675 2242 relaxans
704 2193 723 2240 a
751 2180 858 2259 coepto
891 2175 1012 2241 feruore
1045 2177 1195 2259 inpertias

89 2280 196 2363 siquod
220 2281 435 2347 continentiae
456 2280 585 2346 modum
608 2282 640 2346 et
662 2296 839 2346 mensuram
861 2279 963 2344 iustae
989 2278 1195 2346 districtionis

90 2388 201 2465 cedat,
224 2404 265 2450 ne
289 2384 455 2449 resolnaris
472 2383 539 2449 eius
554 2382 747 2448 subiectione
762 2401 820 2448 neo
834 2380 997 2449 adridente
1010 2383 1196 2468 inpugnati·

89 2489 138 2551 onis
163 2490 344 2571 securitate,
374 2505 437 2569 qua
463 2486 578 2552 uideris
609 2474 766 2571 paulisper
788 2507 807 2551 a
828 2485 1005 2552 carnalibus
1028 2486 1194 2553 incentiuis

70 2590 166 2656 eiectus
187 2590 333 2674 quietior,
357 2587 396 2654 ed
418 2586 585 2672 pristinam
606 2588 820 2655 remissionem
835 2588 887 2654 uel
901 2588 1087 2673 praeteritas
1102 2590 1194 2675 gulae

91 2696 332 2778 oncupiscentias
366 2694 543 2758 reuerteris.
581 2710 636 2777 per
670 2692 729 2757 hoc
759 2694 842 2758 enim
873 2693 949 2758 dicit
981 2693 1113 2777 spiritus
1139 2694 1194 2760 ille

91 2816 160 2878 quem
186 2801 321 2863 nicetas:
352 2797 534 2861 reuertar
562 2795 601 2860 in
624 2796 777 2862 domum
799 2813 920 2861 meam
942 2796 1043 2862 unde
1066 2797 1193 2875 enini,

92 2901 113 2962 et
127 2901 321 2982 procedentes
344 2919 380 2965 ex
403 2917 437 2965 eo
461 2897 631 2965 confestim
654 2902 776 2984 septem
791 2899 920 2983 spiritns
935 2899 1086 2966 uitiorum
1101 2905 1193 2966 erunt

91 3002 133 3068 tibi
146 3007 273 3071 sonores
289 3023 384 3089 quam
399 3004 457 3070 illa
471 3003 575 3087 passio
591 3021 668 3085 qnae
681 3003 715 3067 in
727 3002 906 3086 primordiis
921 3003 1024 3069 brerat
1035 3007 1191 3087 superata,

71 3107 174 3188 equite
194 3127 267 3174 mox
291 3109 332 3173 ad
355 3107 509 3173 deteriora
529 3104 713 3191 pertrahent
734 3121 847 3188 genera
867 3109 1075 3189 peecatorum.

120 3225 220 3294 XXVI.
237 3227 434 3313 Quapropter
448 3227 573 3293 ieiuniis
588 3226 621 3291 et
641 3227 848 3291 continentiae
863 3225 1086 3293 incubantibus
1102 3227 1191 3293 nobis

92 3327 276 3412 festinandum
299 3331 357 3415 est,
380 3335 416 3396 nt
437 3331 530 3416 gulae
553 3329 699 3413 passione
721 3331 865 3414 superata
887 3330 1029 3413 protinus
1052 3329 1190 3396 animam

170 3541 434 3607 omnen
538 3541 891 3611 mmmnffln

129 3737 245 3793 larieret
268 3737 317 3793 W¹
419 3736 494 3807 din]
512 3737 591 3794 auo
688 3739 831 3793 dinueuit
847 3751 905 3792 eam
926 3739 964 3794 W
1061 3741 1191 3794 tornata

92 3825 1196 3913 b¹mmmmmwfflmoemmmr

92 3937 136 3995 DX
157 3925 209 3999 iffi‘l
234 3946 258 4001 0
282 3951 315 4001 ut
337 3945 403 4001 rotet
506 3947 537 4000 11
564 3946 712 4016 septinario
742 3946 795 4002 VP
896 3946 1014 4002 solomon
1044 3945 1120 4004 VW¹

93 4026 115 4078 li
128 4027 268 4088 discribo
363 4032 397 4086 lo
412 4030 533 4086 blandire
549 4032 634 4086 D¹X¹
730 4034 764 4088 16
780 4032 946 4103 quodamodo
963 4033 1002 4086 W
1092 4033 1191 4103 aliquit

96 4110 112 4165 0
189 4120 293 4188 accepto
316 4116 364 4171 W*
462 4118 494 4173 17
513 4118 682 4175 discretionis
703 4118 758 4175 ΟΧ
857 4119 892 4174 20
908 4119 1061 4188 praeteritis
1082 4120 1122 4176 W

93 4198 148 4262 suile
164 4201 319 4272 Ospcaaa’m)
405 4203 439 4257 21
457 4205 668 4276 oncupiscentias
685 4204 716 4259 D
744 4207 966 4276 concupiscentiis
982 4205 1032 4262 W‘
1116 4205 1188 4262 dicet

95 4280 143 4339 ΨΟ
232 4289 267 4343 24
286 4293 409 4358 separata
430 4288 493 4346 1⁷¹0
594 4289 629 4346 25
648 4291 864 4361 perbaahentV
963 4292 998 4345 26
1015 4291 1190 4350 continentiis

93 4365 122 4418 θ’
207 4374 361 4430 incubantes
379 4391 413 4430 ex
429 4376 581 4431 incubantis
597 4376 628 4431 D
