3009 5200
485 453 642 509 (lonlatio
663 454 767 518 xvm,
787 454 880 509 ‘l-ll.
1180 456 1244 523 517

121 644 351 723 consuescunt,
380 645 456 709 dnm
478 664 496 711 a
518 646 641 711 nemine
669 647 836 728 prouocata
864 648 901 710 ut
923 647 1075 728 quoddam
1097 648 1191 713 letole
1213 651 1245 712 et

119 748 307 815 intestinum
337 747 436 824 uirus,
467 750 583 832 quanto
616 749 751 831 amplius
778 750 912 815 celatum
934 748 1040 832 fuerit,
1063 754 1149 815 tanto
1172 768 1246 832 pro-

119 852 247 917 fundius
268 870 394 934 serpens
418 850 624 917 insanabilem
646 854 791 919 morbum
820 854 947 935 generat
968 853 1152 935 aegrotanti.
1188 872 1244 937 pro

119 956 294 1019 reuerentin
322 956 406 1019 enirn
438 955 604 1040 singularis
638 956 734 1021 cellae
764 956 869 1021 nullus
901 958 964 1022 iem
997 956 1077 1022 uitia
1108 957 1244 1024 solitarii

97 1058 214 1124 candet
237 1074 373 1142 urguere,
398 1076 476 1141 quae
504 1058 559 1123 ille
582 1058 719 1142 ignorari
747 1058 862 1123 meluit
883 1078 977 1141 quem
1006 1061 1116 1126 curari.
1153 1079 1243 1143 porro

118 1161 254 1226 uirtutes
276 1178 338 1227 non
353 1162 562 1227 occultatione
577 1162 738 1245 uitiorum,
757 1164 811 1227 sed
827 1162 1054 1245 expugnatione
1068 1165 1242 1247 pariuntur.

161 1282 266 1347 VIIII.
280 1298 477 1348 nummus:
490 1282 585 1347 Estne
598 1282 703 1367 aliqua
713 1283 796 1347 inter
808 1284 989 1349 coenobium
1002 1284 1241 1349 monesterium-

119 1405 179 1468 que
201 1386 359 1468 distantia,
382 1406 421 1451 an
443 1386 575 1470 utroque
596 1388 718 1451 nomine
741 1405 791 1451 ree
815 1406 878 1452 una
899 1389 1063 1452 censetur?

160 1504 199 1571 X.
224 1522 372 1570 urnuvrr:
404 1505 492 1570 Licet
521 1525 540 1569 a
567 1506 727 1572 nonnullis
758 1508 880 1572 soleant
905 1508 1114 1573 indifferenter
1135 1527 1241 1574 mona·

83 1608 214 1675 nosteria
247 1628 302 1690 pro
346 1610 500 1675 coenobiis
543 1609 703 1693 appellari,
749 1611 854 1675 tamen
891 1612 951 1675 hoc
986 1611 1125 1688 interest,
1162 1614 1242 1693 quod

118 1712 344 1778 monesterium
366 1731 478 1778 nomen
501 1716 548 1779 est
570 1714 741 1791 diuersorii‚
767 1714 846 1778 nihil
868 1714 1004 1796 amplius
1018 1732 1110 1795 quem
1128 1713 1241 1794 locum,

117 1816 151 1882 id
181 1817 229 1880 est
258 1815 471 1881 habitaculum
501 1816 679 1899 significans
709 1816 942 1892 monachorum,
965 1816 1146 1881 ooonobium
1167 1837 1242 1883 uero

119 1920 214 1985 etiam
243 1919 442 2001 professionis
471 1920 569 2003 ipsius
598 1920 781 2002 qualitatem
804 1918 1065 2002 disciplinamque
1087 1920 1239 2003 designat.

118 2028 150 2088 et
178 2023 399 2088 monasterium
430 2024 532 2106 potest
563 2023 660 2087 etiam
682 2024 774 2087 unius
797 2022 941 2087 monachi
964 2022 1117 2087 habitatio
1139 2024 1242 2088 norni-

83 2130 197 2205 1snari,
232 2126 422 2201 coenobium,
454 2124 516 2190 nisi
549 2126 601 2191 ubi
635 2126 843 2207 plurimorum
875 2123 1124 2191 cohabitantium
1152 2127 1242 2209 deget

116 2231 208 2298 unite
224 2229 409 2306 communio,
426 2247 487 2293 non
502 2230 607 2310 potest
623 2230 782 2311 appellari.
807 2228 953 2293 dicuntur
968 2246 1041 2293 sane
1054 2230 1241 2293 monasteria

118 2334 215 2399 etiam
237 2334 272 2397 in
293 2332 405 2414 quihus
429 2332 659 2399 Snrnbaitarum
682 2331 815 2416 collegia
837 2335 1062 2397 conmutantur.

159 2454 216 2519 XI.
239 2451 447 2533 Quamobrem
480 2452 626 2537 quoniam
658 2453 696 2518 de
730 2452 846 2535 optimc
879 2470 990 2536 genere
1021 2452 1240 2517 monachorum

118 2558 210 2624 uideo
240 2575 296 2624 uos
327 2556 525 2640 professionis
552 2557 644 2622 huius
672 2555 841 2638 arripuisse
870 2554 1033 2639 principie,
1062 2556 1095 2620 id
1124 2558 1171 2621 est
1200 2555 1240 2622 de

81 2676 109 2718 ιο
116 2662 269 2728 laudabili
291 2659 508 2728 coenobiorum
530 2662 688 2742 palaestra
709 2661 749 2726 ud
772 2659 891 2725 excelsa
905 2658 1032 2743 fastigia
1046 2659 1240 2725 anachoreti-

118 2784 172 2832 cae
204 2764 330 2831 tendere
364 2763 554 2850 disciplinae,
588 2763 781 2830 humilitatis
814 2764 1044 2846 patientiaeque
1076 2762 1239 2844 uirtutem,

116 2887 211 2954 quam
243 2886 299 2934 nos
332 2867 399 2933 illic
432 2867 578 2934 didicisse
603 2885 666 2932 non
696 2868 813 2944 dubito,
843 2885 916 2932 uero
945 2866 1108 2930 sectamini
1138 2864 1240 2931 cordis

117 2973 252 3050 adiectu,
281 2990 341 3037 non
372 2989 441 3036 earn
467 2971 549 3036 sicut
578 2970 704 3053 quidam
730 2971 811 3036 falsa
832 2970 1050 3037 humiliatione
1072 2968 1239 3034 uerborum

116 3094 173 3142 nec
202 3075 357 3142 adfectata
384 3075 477 3160 atque
507 3074 664 3157 superflua
693 3076 724 3140 in
755 3074 940 3156 quibusdam
969 3071 1078 3138 officiis
1102 3072 1239 3155 corporis

82 3179 317 3246 ”inclinatione
359 3177 520 3262 fingentes.
573 3177 654 3262 quod
691 3176 884 3244 humilitatis
920 3176 1104 3260 figmentum
1145 3175 1268 3242 abbani

116 3281 268 3364 erepton
289 3280 422 3366 quodam
445 3285 584 3364 tempore
600 3279 760 3364 eleganter
774 3281 890 3346 inrisit.
925 3299 997 3346 cum
1012 3280 1096 3344 enim
1113 3279 1239 3363 quidam

115 3385 155 3451 ad
176 3403 248 3451 eum
269 3402 426 3452 summam
447 3385 497 3449 eui
520 3385 724 3450 abiectionem
746 3383 859 3450 habitu
879 3401 915 3448 ac
936 3382 1042 3449 uerbis
1064 3382 1239 3466 praeferens

116 3489 292 3555 aduenisset
304 3505 445 3571 eumque
467 3506 560 3554 senex
581 3488 751 3554 secundum
773 3507 894 3554 morem
910 3490 947 3552 ut
962 3486 1134 3554 orationem
1148 3484 1238 3549 colli·

115 3593 204 3676 geret
230 3592 416 3675 hortaretur,
443 3591 499 3656 ille
529 3581 728 3674 nequaquam
762 3592 900 3656 adnuens
928 3589 1107 3671 deprecanti
1140 3584 1237 3651 tantis

81 3713 150 3760 sose
172 3694 326 3761 subiciens
350 3695 515 3761 adserebat
535 3693 664 3779 flagitiis
685 3693 875 3772 inuolutum,
898 3697 935 3757 ut
949 3710 989 3756 ue
1005 3709 1096 3756 usum
1112 3690 1237 3774 quidem

168 3970 182 4022 1
201 3968 387 4024 conualesoont
404 3967 484 4023 RKo
501 3969 569 4037 (non
589 3967 623 4034 0)
715 3965 855 4035 prouocati
877 3964 992 4022 OB²Ko
1082 3965 1100 4018 5
1116 3963 1239 4032 ignorare

115 4053 174 4109 BF
257 4053 427 4110 curareBF=
453 4055 544 4110 ooalt
630 4053 771 4123 9piamon
788 4052 850 4108 RK
930 4048 1114 4104 indifferentnr
1131 4047 1170 4102 1⁴⁸¹

115 4141 150 4197 15
171 4140 248 4210 degit
268 4141 319 4196 Ro
422 4140 455 4194 16
477 4141 564 4196 acrba
586 4141 715 4210 appellari
737 4141 837 4207 (autem
854 4136 919 4191 odd.
937 4137 964 4205 o)
982 4150 1037 4189 non
1055 4138 1145 4205 potest
1163 4134 1239 4204 (eici)

115 4227 147 4281 iss
169 4225 244 4282 otro
268 4232 332 4295 poet
349 4225 505 4280 coenobium
523 4232 618 4282 autaut
714 4226 747 4279 18
764 4225 866 4279 obtimo
883 4223 968 4278 BOR
1060 4219 1096 4274 20
1113 4219 1238 4274 laudibili

114 4311 146 4367 F
236 4311 354 4382 palestra
370 4311 447 4367 codd.
541 4313 689 4367 anachorit
706 4312 735 4368 R
831 4309 866 4364 24
882 4308 968 4379 edqne
985 4307 1013 4364 R
1107 4305 1236 4375 corporib3

115 4398 155 4454 Ρ
256 4395 291 4451 26
308 4397 426 4467 serapion
447 4397 566 4466 B(?)B⁸
666 4397 799 4466 eliganter
816 4395 857 4450 K¹
958 4392 1068 4465 qan
1266 4408 1269 4414 ·
