3009 5200
287 426 353 491 466
676 422 843 477 Iohannis
864 422 1024 478 Cassiani

286 612 367 679 ratio
399 614 468 697 ipsa
500 611 752 695 conuersatioqne
784 614 965 679 sanctorum
998 612 1075 695 quid
1106 612 1261 681 salubrius
1293 614 1337 681 sit
1368 614 1410 680 ad

286 716 457 798 protectum
480 717 566 781 uitae
587 715 739 798 spiritalis
761 714 932 781 efficaciter
960 716 1050 780 docet
1077 717 1111 781 et
1136 716 1251 801 eligere
1273 717 1306 782 id
1327 718 1409 800 quod

257 820 411 903 2expedit
433 821 507 884 data
527 818 702 885 senioribus
717 819 916 903 sponsiones
933 821 1086 885 admittit
1118 821 1235 887 maim
1250 820 1409 903 potuimus

286 923 434 1005 exemplis
465 924 576 988 talium
606 940 641 986 ac
662 923 821 988 tantorum
848 924 987 988 uirorum
1009 924 1050 988 ad
1070 924 1286 1006 perfectiorem
1308 925 1409 989 uitam

285 1028 537 1113 propositumque
580 1022 717 1103 formari,
762 1026 825 1091 nisi
861 1044 918 1091 nos
952 1025 1111 1091 instanter
1145 1028 1187 1093 ad
1222 1027 1451 1093 coenobiums

284 1147 440 1193 recurrere
467 1130 609 1211 promissi
637 1130 739 1210 pactio
766 1133 930 1195 wartaret.
968 1148 1029 1212 quo
1051 1130 1079 1195 si
1100 1131 1219 1195 reuersi
1246 1132 1408 1209 fuerimus,

286 1231 373 1317 copis
402 1232 488 1297 nobis
517 1232 646 1297 ulterius
674 1231 737 1297 truc
766 1232 924 1297 remeandi
946 1232 1036 1299 nulla
1056 1232 1224 1299 tribuetur.
1261 1235 1311 1297 sin
1335 1254 1408 1300 uero

285 1335 337 1401 lric
366 1335 534 1401 residentes
561 1334 748 1400 desiderium
776 1340 920 1399 nostrum
947 1336 1150 1401 maluerimus
1177 1337 1308 1419 explere,
1331 1338 1409 1421 quid

286 1442 407 1523 agimus
422 1438 460 1502 de
474 1437 658 1502 sacrementi
673 1437 742 1516 lide,
758 1456 853 1521 quam
864 1438 1036 1503 senioribus
1046 1439 1164 1503 nostris
1175 1439 1408 1505 uelocissimum

286 1542 422 1607 reditum
443 1540 627 1622 pollicentes
649 1541 771 1605 dedisse
793 1560 849 1607 nos
870 1542 1025 1620 nouimus,
1048 1548 1085 1606 ut
1100 1541 1152 1605 uel
1165 1542 1283 1607 cursim
1298 1542 1449 1609 liceretne

256 1646 373 1717 3nobis
396 1645 487 1709 buius
509 1644 684 1727 prouinciae
699 1646 825 1709 sanctos
839 1662 877 1709 ac
892 1643 1084 1710 monasteria
1098 1645 1252 1711 circuire?
1274 1664 1408 1728 cumque

285 1751 330 1814 sic
359 1750 536 1814 aestuantes
564 1746 639 1831 quid
667 1764 760 1829 super
786 1748 873 1811 statu
900 1747 1015 1813 salutis
1044 1749 1169 1813 nostrae
1199 1747 1409 1814 deliniendum

285 1856 365 1917 esset
393 1868 587 1933 nequaquam
614 1848 755 1915 inuenire
782 1866 953 1931 possemus,
981 1850 1048 1915 solo
1070 1854 1190 1936 gemitu
1213 1852 1409 1917 testabamur

286 1955 467 2021 durissimae
497 1954 684 2019 condicionis
707 1953 933 2033 nenessitatem,
959 1960 1141 2019 accusantes
1163 1953 1407 2019 teneritudinem

285 2058 397 2125 lroutis
426 2061 548 2125 nostrae
575 2061 608 2121 et
634 2056 808 2141 ingenitam
834 2055 925 2121 nobis
954 2058 1172 2122 uerecundiam
1205 2058 1407 2134 detestantes,
1420 2082 1451 2123 rs

285 2163 372 2227 cuius
395 2177 485 2226 onere
507 2161 702 2243 praegrauati
726 2160 823 2223 etiam
844 2160 954 2225 contm
975 2158 1146 2225 utilitatem
1162 2179 1198 2226 ac
1212 2161 1406 2244 propositum

284 2267 425 2331 nostrum
447 2262 651 2329 retinentium
673 2263 817 2344 precibus
838 2262 917 2328 alias
939 2280 1002 2328 non
1023 2262 1235 2345 potuissemus
1258 2266 1408 2329 obsistere

284 2368 344 2433 nisi
367 2364 580 2431 maturissime
602 2366 704 2431 reditu
726 2366 921 2449 repromisso,
951 2365 1039 2430 illius
1060 2366 1180 2433 scilicet
1203 2384 1257 2431 nos
1280 2368 1407 2449 pudoris

284 2472 361 2537 uitio
375 2470 529 2535 laborasse
544 2468 702 2553 deflentes,
719 2469 756 2533 de
773 2487 833 2551 quo
849 2468 980 2534 dicitur:
997 2471 1056 2534 est
1076 2470 1201 2553 pudor
1222 2470 1406 2535 adferens

284 2576 493 2660 peccatum.
1418 2601 1451 2641 so

327 2675 385 2742 111.
409 2675 489 2742 Tum
525 2692 598 2761 ego:
637 2675 860 2760 Conpendium,
900 2678 1037 2761 iuquam,
1082 2676 1249 2762 angoribus
1286 2677 1407 2744 adserat

284 2782 399 2846 nostris
423 2780 597 2860 consilium,
627 2779 723 2844 immo
745 2780 913 2845 auctoritas
935 2781 1029 2861 senis,
1052 2780 1092 2846 ad
1112 2799 1205 2864 quem
1227 2783 1347 2864 oportet
1370 2785 1408 2844 ut

285 2887 406 2950 nostras
433 2885 659 2950 sollicitudines
686 2883 872 2966 deferamus,
902 2886 934 2949 et
956 2883 1106 2967 quidquid
1129 2885 1195 2949 eius
1217 2883 1312 2950 luerit
1334 2902 1406 2948 sen-

285 2987 383 3053 tentia
404 2986 578 3064 delinitum,
602 2987 690 3052 uelut
712 2986 855 3053 diuinum
878 2991 910 3052 et
932 2989 1065 3053 caeleste
1086 3004 1267 3070 responsum
1283 2988 1405 3054 cunctis

284 3089 417 3154 aestibus
446 3090 558 3154 nostris
588 3091 757 3156 terminum
784 3077 889 3173 ponat.
927 3093 1008 3173 quod
1035 3091 1159 3174 quidem
1183 3090 1269 3156 uobis
1291 3108 1346 3172 per
1369 3108 1450 3158 osas

284 3191 385 3258 sancti
407 3191 498 3257 buius
520 3212 539 3258 a
561 3193 683 3258 domino
706 3192 905 3258 tribuendum
927 3197 960 3258 et
981 3193 1020 3258 ob
1042 3193 1131 3260 illius
1154 3195 1300 3260 meritum
1317 3197 1348 3257 et
1363 3191 1403 3258 ob

284 3301 421 3361 nostram
443 3295 536 3361 fidem
558 3294 688 3359 minime
704 3295 890 3361 dubitemus.
925 3295 1023 3379 ipsius
1038 3296 1122 3361 enirn
1138 3315 1265 3362 munere
1280 3295 1405 3362 salubre

283 3399 446 3466 consilium
474 3401 506 3465 et
534 3399 653 3464 creduli
680 3399 719 3464 ab
747 3399 884 3485 indignis
913 3402 945 3465 et
971 3401 1123 3466 increduli
1153 3421 1172 3465 a
1200 3400 1319 3465 sanctis
1342 3399 1405 3465 fre·

283 3508 411 3586 quenter
437 3502 543 3586 adepti
571 3504 653 3581 sunt,
684 3502 808 3569 domino
830 3503 863 3569 id
886 3505 936 3570 uel
958 3509 1085 3588 propter
1107 3505 1255 3569 meritum
1278 3502 1428 3586 respon·'

384 3675 416 3729 19
437 3673 513 3730 Prov.
531 3675 573 3742 26,
593 3677 624 3729 11
644 3675 737 3744 (LXX)

332 3829 598 3886 telllcatiterwt'
680 3831 894 3887 bammittitx
984 3829 1168 3900 laclautO
1252 3829 1406 3884 buosen.

281 3919 310 3974 Π
404 3915 486 3972 Ηιοο
503 3918 531 3970 Σ
627 3917 772 3986 tegemus
788 3917 819 3970 Π
911 3917 955 3988 de]
973 3933 1004 3970 eu
1021 3919 1047 3968 Y
1136 3915 1306 3985 ncnmeub'l
1325 3930 1405 3984 spon·

281 4003 365 4058 donis
381 4002 489 4058 Hl’On
582 4005 613 4058 11
632 4005 796 4060 οηηιιίεοΣ
825 4003 964 4059 circum
980 4003 1050 4054 ΠΤ*
1137 4000 1411 4072 poetcircumirea'rc

281 4093 366 4146 l'eat:
384 4089 414 4145 11
504 4091 660 4160 qumqueO
752 4092 785 4146 14
795 4090 955 4146 conditionis
967 4090 1026 4142 ΠΤ
1117 4092 1148 4143 lo
1162 4089 1260 4142 honere
1271 4086 1337 4140 2¹¹0

283 4177 314 4230 18
331 4177 490 4245 repromisso
508 4177 559 4232 huc
576 4177 604 4228 Σ
714 4177 746 4232 21
766 4177 930 4248 cupsonibus
948 4178 976 4228 Σ
1085 4177 1119 4230 23
1137 4174 1265 4246 quicquid
1283 4174 1337 4227 ΤΟ

279 4260 314 4314 24
332 4261 411 4316 uelud
429 4263 454 4313 Τ
570 4277 720 4332 responsore
739 4262 778 4314 Πι
892 4263 927 4318 25
944 4263 1056 4332 inponat
1073 4264 1099 4315 Y
1210 4260 1245 4314 26
1261 4257 1409 4315 tribuendo

280 4347 319 4398 Πι
421 4348 455 4402 28
473 4347 506 4403 ab
525 4347 644 4418 indignis
662 4351 689 4403 ot
708 4347 839 4404 increduli
855 4365 906 4406 om.
925 4349 955 4400 Π
1056 4347 1089 4404 29
1107 4347 1209 4418 accepti
1224 4347 1255 4398 Π
