3009 5200
308 438 373 505 cmo
701 434 866 488 Iohannis
884 431 1042 489 Cassiani

309 631 426 692 terram
455 622 626 709 subigendo
656 622 832 705 confringat
862 624 916 686 aut
945 622 1084 687 caenosis
1113 620 1283 687 libidinum
1306 640 1435 689 suarum

308 729 430 812 polluat
462 726 662 794 uolutabris?
694 726 749 791 fiet
782 726 874 803 enim,
910 728 944 790 ut
978 726 1010 789 id
1041 724 1122 807 quod
1155 726 1238 790 reete
1270 728 1435 792 utentibus

310 834 411 899 deeori
448 850 515 897 esso
552 831 714 896 consueuit
746 847 808 894 non
842 831 943 895 solum
976 830 1053 894 istos
1086 847 1195 894 ornare
1229 846 1290 895 non
1323 831 1435 912 possit,

309 955 421 1002 uerum
450 936 546 999 otiam
574 933 701 999 maioris
730 934 820 1000 eueni
857 933 1040 998 conluuione
1080 934 1247 998 sordescat.
1292 952 1335 998 en
1367 952 1435 998 oro

309 1040 392 1106 enim
416 1038 637 1122 peoeatoris
659 1056 735 1103 non
757 1042 814 1103 est
844 1037 1006 1123 pulchra
1028 1038 1219 1116 laudatio,
1242 1037 1292 1101 oui
1315 1036 1435 1103 dieitur
1456 1060 1469 1100 e

306 1162 361 1227 per
374 1142 572 1226 propheten:
590 1160 711 1224 quare
726 1143 768 1206 tu
783 1160 946 1207 enarras
968 1140 1296 1206 iustificationes
1312 1158 1434 1219 meas,

278 1244 345 1311 det
378 1245 553 1311 adsumis
586 1246 869 1310 testamentum
902 1263 1023 1309 meum
1056 1262 1125 1326 per
1158 1261 1196 1309 os
1229 1243 1362 1308 tuum?
1395 1244 1434 1307 do

306 1351 483 1415 huiusmodi
520 1347 694 1425 animabus,
739 1366 817 1431 quae
853 1364 1049 1430 nequaquam
1092 1346 1250 1412 stabiliter
1286 1350 1434 1411 timorem

307 1454 424 1521 domiui
455 1454 645 1536 possidentes
677 1450 811 1534 (dequo
843 1451 974 1517 dieitur:
996 1450 1114 1514 timor
1138 1448 1290 1516 domini
1313 1448 1434 1513 disei-

306 1557 415 1641 plina
438 1560 475 1621 ot
496 1556 701 1638 sapientia
723 1556 797 1641 est)
820 1556 1046 1638 seripturarum
1068 1553 1230 1635 adquirere
1253 1572 1381 1617 sensum
1397 1552 1469 1617 doro

306 1660 373 1745 iugi
401 1678 508 1725 aarum
536 1659 739 1725 meditatione
769 1662 931 1736 sonantur,
954 1658 1029 1723 satis
1052 1658 1174 1740 proprio
1196 1656 1228 1721 in
1252 1655 1434 1721 Prouerbiis

306 1767 513 1829 memoratur:
550 1766 592 1827 ut
636 1761 728 1846 quid
771 1763 935 1828 fuerunt
976 1760 1150 1825 diuitiae
1194 1759 1434 1842 insipienti?

306 1866 509 1948 possidere
540 1866 642 1931 enim
673 1864 912 1946 sapientiam
941 1881 1077 1929 exsors
1107 1882 1179 1929 nou
1201 1864 1363 1943 poterit.
1402 1861 1435 1927 in

307 1972 432 2036 tantum
465 1988 539 2034 uero
573 1969 612 2034 ab
646 1968 703 2033 illa
735 1968 911 2033 eruditione
945 1966 1106 2042 saeculari,
1145 1983 1222 2048 quae
1259 1963 1435 2031 earnalium

306 2072 456 2138 uitiorum
479 2072 569 2138 sorde
590 2072 752 2155 polluitur,
776 2091 853 2137 uera
879 2071 953 2137 haee
975 2071 1007 2135 et
1029 2070 1182 2153 spiritalis
1205 2068 1336 2135 seientia
1359 2068 1467 2133 sub-is

306 2178 461 2255 mouetur,
483 2176 520 2239 nt
542 2193 611 2240 eam
633 2176 667 2240 in
690 2175 849 2240 nonnullis
876 2173 1055 2258 elinguibus
1077 2190 1113 2238 ae
1135 2190 1232 2254 paene
1247 2170 1434 2237 inlitteratis

279 2278 443 2344 'isaiamus
458 2296 693 2361 nonnumquam
708 2277 938 2343 admirabiliter
952 2276 1101 2361 uiguisse.
1135 2276 1217 2358 quod
1232 2275 1265 2341 in
1281 2275 1434 2357 apostolis

307 2381 478 2465 multisque
508 2380 604 2447 etiam
634 2380 751 2446 sanetis
780 2380 859 2446 uiris
882 2380 1115 2446 euidentissime
1139 2381 1355 2462 conprobatur,
1380 2380 1434 2462 qui

306 2503 367 2549 non
399 2484 487 2549 inani
516 2484 663 2549 foliorum
691 2483 907 2548 dilatabantur
934 2482 1068 2563 luxuria,
1096 2481 1150 2547 sed
1173 2482 1256 2547 neris
1278 2480 1434 2563 spiritalis

306 2587 455 2654 amentiae
476 2587 632 2653 fruetibus
656 2585 883 2654 ouruabantur=
906 2586 1079 2669 dequibus
1101 2584 1134 2651 in
1156 2584 1290 2652 dotibus
1305 2588 1466 2668 aposto-so

306 2692 408 2756 lorum
424 2692 575 2774 seriptum
590 2693 649 2757 est:
673 2691 856 2756 uidentes
878 2693 1009 2756 autom
1031 2690 1146 2756 Petri
1161 2689 1434 2756 constantiam

306 2797 345 2860 ot
365 2794 571 2877 lobannis,
594 2794 631 2859 ot
654 2795 840 2878 oonperto
864 2793 963 2876 quod
986 2792 1165 2857 homines
1188 2793 1324 2857 essent
1346 2793 1434 2856 sine

306 2897 464 2963 litteris
493 2900 531 2962 et
559 2899 726 2976 idiotae,
756 2897 1067 2963 admirabantur.
1105 2899 1136 2960 et
1168 2895 1285 2960 ideireo
1314 2895 1342 2960 si
1373 2893 1434 2960 tibi

307 3019 397 3066 ouras
438 3002 486 3065 est
521 3003 560 3065 ad
597 2999 663 3065 eius
700 2999 982 3066 inmarcessibilem
1018 2998 1226 3082 fragrantiam
1261 2997 1432 3080 peruenire,

308 3104 428 3168 eunetis
462 3103 598 3185 primum
632 3103 798 3170 senatibus
829 3103 967 3180 elabora,
997 3105 1033 3168 ut
1060 3122 1078 3168 a
1109 3103 1233 3167 domino
1260 3102 1433 3183 puritatem
1441 3121 1465 3162 ss

278 3204 462 3272 doastitatis
506 3207 655 3272 obtineas.
699 3208 806 3272 nullus
843 3208 927 3272 enim
962 3207 996 3272 in
1029 3224 1089 3288 quo
1122 3204 1223 3271 adhue
1259 3204 1432 3270 eumalium

408 3409 500 3464 esu.
524 3409 601 3477 ιιι
704 3409 785 3462 ιιι.
808 3409 851 3474 ιι,
871 3410 904 3464 rs
1006 3407 1126 3462 earov.
1151 3409 1192 3476 ιι
1216 3409 1251 3464 se
1268 3409 1364 3477 (ιιι)

308 3495 342 3548 ιι
359 3494 434 3548 mov.
456 3495 496 3561 ιι,
516 3497 548 3550 1s
566 3495 661 3564 (axx)
764 3495 796 3548 ιι
817 3497 875 3550 ses.
892 3495 917 3560 4,
939 3496 971 3549 13

360 3686 520 3740 loonirioet
536 3688 574 3754 (oe
591 3688 623 3739 ia
640 3702 696 3740 raa.
714 3701 749 3740 m.
762 3688 792 3750 2)
810 3687 836 3736 Y
936 3685 1037 3739 oonosia
1055 3685 1142 3738 HYO
1243 3685 1430 3756 4sordesosnt

306 3775 332 3824 Τ
431 3773 606 3840 bpeooatore
628 3773 657 3823 Σ
759 3770 895 3840 puloraO
996 3770 1102 3840 dproi.
1125 3769 1155 3822 H
1257 3771 1322 3825 lde
1340 3771 1431 3826 buius·

307 3856 400 3911 modi·
407 3895 481 3910 .....
497 3859 530 3912 13
553 3873 605 3910 non
631 3858 731 3926 poterit
754 3874 805 3912 om.
830 3857 855 3909 O
958 3858 991 3912 10
1018 3858 1109 3912 scribt.
1137 3859 1163 3910 Y
1263 3858 1294 3911 11
1323 3860 1431 3912 conatur

307 3945 335 3995 Σ
438 3944 471 3996 ll
494 3945 652 4012 profuerunt
675 3947 701 3995 Y
802 3943 834 3998 13
857 3944 952 4012 exsors]
977 3944 1063 3998 oordis
1086 3945 1112 3994 Y
1214 3943 1429 4014 14u01010nim

307 4032 333 4081 Y
432 4031 509 4099 quae]
527 4033 573 4099 qui
590 4033 630 4082 ΠΙ
734 4031 767 4085 15
789 4033 972 4084 summoustur
992 4031 1022 4082 Π
1125 4031 1157 4085 16
1174 4031 1324 4085 inliteratis
1342 4033 1368 4082 Τ

308 4115 340 4167 11
367 4117 572 4170 ammirabiliter
598 4119 627 4169 Σ
739 4117 771 4171 18
797 4117 852 4186 qui]
881 4117 944 4184 quia
970 4116 1008 4168 Πι
1119 4117 1151 4172 19
1177 4117 1297 4171 filiorum
1324 4117 1364 4168 Πι

307 4202 339 4254 ιι
364 4201 493 4256 sonatum
515 4203 541 4254 ι
640 4202 674 4256 ιι
698 4206 726 4256 es
743 4208 809 4257 aare
826 4205 950 4270 conperto
972 4219 1022 4257 om.
1045 4205 1071 4256 r
1170 4203 1205 4257 ae
1227 4189 1316 4256 truens
1341 4205 1366 4256 ι

307 4286 411 4366 ideotae
421 4287 462 4337 Πι
543 4286 1127 4357 poutadmirabantnriaooup.17tnes'ptt
1213 4288 1363 4343 24ιιιιιΣ

307 4374 478 4442 flagrantiam
496 4375 559 4426 ΣΠ
563 4378 588 4427 Τ
614 4376 743 4443 iraglunt.
763 4375 788 4427 0
879 4376 1051 4446 26ορ11ιιιιι
1069 4377 1128 4428 ΣΦ
1154 4377 1267 4444 aoeipias
1284 4376 1315 4427 Π
