3009 5200
492 442 654 499 conlatio
672 443 750 509 VIII,
769 444 845 500 h-B·
1166 449 1232 515 223

93 631 127 697 iu
156 633 228 699 Illis
259 634 468 701 anterioribus
496 636 590 717 etque
616 636 789 701 innumeris
816 636 950 703 saocuIIs
978 636 1018 703 ab
1047 639 1132 703 omni
1157 654 1229 720 pro·

91 738 244 803 uidentia
274 744 304 803 et
333 736 565 821 dispensatione
593 738 702 804 diuina
731 739 829 804 inerit
855 740 982 820 otiosus,
1009 758 1045 805 ac
1067 740 1230 822 tamquam

92 856 156 904 non
181 840 303 906 habene
324 840 358 905 in
380 857 458 923 quos
479 838 629 906 bonitatis
645 858 720 906 suas
736 845 891 906 exerceret
906 841 1054 907 beneficia
1068 842 1230 908 solitarius

91 948 195 1024 atque
220 944 262 1009 ab
283 945 369 1009 omni
391 941 608 1009 munificentia
629 943 748 1009 alienos
776 943 874 1009 inisse
894 947 1047 1011 credatur.
1086 947 1168 1028 qnod
1192 946 1230 1011 de

71 1046 153 1111 sssla
182 1046 332 1113 inmensa
359 1064 395 1112 ec
423 1047 489 1112 sine
517 1046 670 1130 principio
693 1048 725 1112 et
746 1047 1041 1129 inconprehensibili
1064 1050 1229 1115 maiestate

90 1150 175 1215 satis
201 1150 326 1215 humile
348 1150 397 1215 est
418 1150 685 1233 incongruumque
713 1150 838 1226 sentire,
865 1150 933 1233 ipso
955 1151 1081 1217 domiuo
1103 1154 1142 1217 de
1164 1151 1229 1217 illis

90 1254 312 1337 potestatibus
349 1252 425 1320 haec
462 1254 599 1319 dicente:
644 1255 793 1336 quando
837 1255 945 1321 iacta
987 1256 1077 1320 sunt
1112 1254 1229 1321 simul

90 1357 251 1433 sidera,
279 1357 553 1423 laudaueront
581 1374 637 1421 me
664 1374 757 1421 uoce
779 1374 918 1441 magna
939 1374 1072 1421 omnes
1094 1358 1228 1439 angeli

89 1460 182 1525 mei.
221 1460 278 1543 qui
307 1476 378 1542 ergo
405 1460 563 1525 intersunt
591 1458 742 1525 creationi
770 1459 922 1538 siderum,
945 1460 1020 1524 ante
1040 1460 1126 1525 istud
1140 1460 1263 1542 prin-3

60 1564 218 1645 recipiam
246 1564 281 1627 in
310 1580 370 1645 quo
401 1564 520 1628 factum
547 1562 665 1627 dioilor
692 1564 813 1628 caelum
842 1566 874 1627 ot
902 1562 986 1627 terra
1013 1562 1110 1629 creati
1131 1563 1229 1629 fuisse

89 1667 371 1733 manifestissime,
389 1666 628 1749 conprobantur,
662 1666 777 1749 quippe
809 1668 863 1750 qui
896 1683 951 1750 pro
979 1667 1049 1733 istis
1082 1666 1229 1731 omnibus

91 1772 282 1838 nisibilihus
306 1772 458 1838 creaturis
480 1790 556 1854 quas
583 1771 733 1838 uidebant
754 1790 790 1837 ox
812 1770 912 1838 nihilo
934 1771 1120 1854 procreasse
1143 1786 1230 1835 oroa-

92 1882 201 1941 torem
231 1892 345 1958 magna
372 1892 449 1941 noco
478 1876 656 1941 refemntnr
679 1876 711 1940 st
732 1875 942 1941 admiratione
970 1874 1121 1940 laudasse.
1156 1876 1230 1938 anto

92 1980 184 2045 istud
208 1996 283 2062 orgo
305 1978 477 2061 temporale
498 1976 697 2063 principium,
725 1978 806 2061 qnod
828 1996 848 2043 a
868 1978 978 2061 Moyse
1001 1978 1118 2044 dieitur
1133 1976 1230 2060 quod·

62 2103 154 2166 oque
170 2082 287 2148 mundi
302 2083 394 2148 huius
410 2082 579 2149 secundum
597 2080 791 2164 historIcum,
809 2081 907 2147 immo
922 2082 1085 2148 lodmcum
1101 2097 1229 2145 sonsum

93 2189 207 2272 olgnat
232 2190 367 2253 aetatem
392 2187 491 2269 (saluo
515 2186 635 2251 seilicet
657 2188 763 2252 nostro
786 2203 889 2264 senso,
915 2202 976 2268 qno
998 2203 1053 2250 nos
1075 2184 1227 2265 iuterpre-

93 2294 206 2355 tamur
229 2290 369 2355 omnium
392 2306 497 2355 rorum
519 2287 681 2355 Christum
704 2307 772 2355 esse
787 2288 987 2371 priucipinm,
1002 2288 1036 2351 in
1051 2284 1230 2370 quaomnia

95 2393 258 2459 creauerit
286 2394 374 2476 pater
402 2396 573 2461 secundum
602 2394 698 2459 illud:
729 2392 859 2459 omnia
881 2392 1095 2475 peripsum
1118 2390 1229 2455 facta

95 2498 207 2577 sunt,
233 2500 271 2561 et
294 2498 376 2561 sine
397 2498 481 2578 ipso
497 2497 647 2562 factem
664 2496 874 2577 estnihil),
890 2497 963 2561 ante
978 2495 1073 2573 istud,
1088 2495 1227 2574 inquam,

66 2600 257 2667 sGeneseos
271 2601 445 2683 temporale
460 2600 649 2684 principium
666 2619 773 2668 omnss
787 2600 863 2666 illae
878 2602 1048 2683 potestates
1063 2598 1226 2664 caelestes·

95 2723 156 2787 que
185 2705 322 2770 uirtutes
351 2704 444 2769 deum
471 2721 590 2769 creasse
618 2723 679 2771 non
707 2705 837 2770 dubium
865 2708 923 2770 ast.
961 2721 1038 2787 quas
1067 2701 1262 2783 apostolue4

96 2827 151 2890 por
188 2807 330 2873 ordinem
362 2807 561 2873 dinumerans
591 2808 639 2873 ita
670 2808 839 2874 describit:
873 2806 968 2890 qnia
994 2807 1036 2871 in
1066 2804 1226 2871 Christo

96 2913 242 2976 creata
262 2914 353 2976 sont
383 2911 513 2976 omnia
534 2911 574 2976 iu
597 2910 725 2977 caelis
760 2913 799 2977 et
830 2912 1016 2992 interra,
1044 2908 1228 2974 risibilia

97 3019 136 3078 et
169 3015 429 3092 inuisibilia,
459 3015 546 3080 siue
574 3015 706 3098 angeli
742 3015 828 3080 sine
860 3013 1114 3098 archangeli,
1142 3014 1227 3078 siue

66 3120 239 3184 sthroni
268 3121 351 3184 siue
385 3119 695 3200 dominationes,
729 3118 816 3184 siue
849 3118 1102 3201 principatus
1139 3117 1228 3181 siue

97 3223 331 3304 potestates.
354 3223 481 3288 omnia
503 3241 569 3304 per
591 3221 714 3304 ipsum
737 3224 774 3285 ot
795 3222 837 3286 in
858 3221 944 3303 ipso
967 3225 1100 3286 creata
1121 3220 1224 3285 sunt.

141 3342 235 3408 VIII.
259 3341 306 3407 De
327 3343 460 3407 istorum
482 3343 588 3423 itaque
611 3359 739 3406 numero
766 3340 931 3406 nonnullos
953 3339 1107 3424 priucipes
1129 3339 1230 3404 foisse

100 3448 263 3530 conlapsos
296 3447 479 3512 lamentatio
516 3445 687 3510 Ezechielis
724 3443 792 3509 eine
825 3443 934 3510 Ilsaiae
968 3441 1230 3509 manifestissime

205 3622 496 3694 elatissimis)
602 3625 635 3681 18
652 3624 707 3679 Ioh.
727 3625 788 3687 1,3
890 3622 998 3678 racel.
1019 3624 1041 3689 l,
1062 3623 1095 3677 16

152 3791 167 3843 1
186 3790 274 3858 adque
289 3789 341 3844 VP
425 3789 568 3843 innumeris
585 3789 612 3843 V
695 3787 819 3857 saeculis]
838 3785 954 3854 singuiis
971 3785 1002 3840 D
1089 3784 1230 3838 hutiosue

103 3875 139 3930 71
225 3875 275 3929 hac
291 3873 325 3928 V¹
412 3873 532 3942 seoque
550 3871 602 3928 VP
686 3871 802 3927 monito,
825 3869 852 3925 V
934 3869 1100 3925 Voreetioue
1117 3868 1159 3923 D¹

100 3961 133 4015 14
150 3975 222 4014 moes
245 3959 333 4016 V¹W¹
363 3959 446 4013 moise
465 3959 515 4016 171
619 3958 738 4028 quodqui
756 3959 798 4013 D¹
903 3958 934 4012 15
956 3957 1096 4011 istoricnm
1122 3956 1161 4011 17

101 4045 133 4100 19
154 4045 209 4099 sini
231 4043 267 4100 71
370 4045 430 4113 ipso
452 4043 500 4100 171
603 4043 638 4100 20
660 4046 798 4115 geneieens
822 4043 848 4098 7
948 4041 1116 4109 caelistieque
1136 4039 1163 4093 V

99 4133 130 4186 111
150 4132 261 4188 uirtutis
284 4131 320 4187 V¹
423 4130 457 4185 22
474 4131 530 4202 per]
550 4135 571 4199 15
589 4131 615 4185 V
715 4129 840 4184 discribit
859 4129 881 4184 Ο
982 4127 1017 4181 23
1039 4125 1147 4182 condite
1162 4129 1233 4182 sunt

100 4221 222 4274 uniuersa
241 4219 270 4274 V
288 4225 316 4274 et
338 4217 462 4288 Valyoto
563 4217 598 4273 25
624 4215 693 4272 troni
722 4215 787 4272 170
889 4215 922 4268 21
951 4214 1097 4268 nonnullus
1123 4212 1160 4267 71

101 4307 134 4360 23
156 4306 293 4375 conlapsus
317 4303 353 4359 71
383 4301 552 4373 eondilapeos
575 4301 606 4358 Χ
707 4299 918 4356 hiezechielieO
947 4297 1104 4354 ezechihelis
1130 4299 1159 4353 X

102 4391 232 4460 esayan
