3009 5200
276 420 342 485 θα)
668 414 833 469 Iohannis
853 412 1012 467 Cassiani

277 612 371 689 teque
399 606 570 683 subtracto,
597 604 805 688 quadraginti
831 604 952 669 dicrum
982 603 1112 685 impleat
1132 611 1311 671 sumnum?
1346 626 1403 673 sex

277 711 363 775 cuim
385 712 418 774 et
438 709 572 790 triginta
592 708 658 773 dies
685 710 718 772 in
739 708 818 789 ipsis
838 706 1060 773 ebdomadibus
1081 710 1296 775 tautummodo
1326 728 1403 777 con-

276 813 456 878 cluduntur.

320 915 419 980 XXV.
441 930 616 979 umens:
639 912 729 977 Licet
749 916 943 995 quorundam
963 914 1018 995 pic
1038 913 1227 997 simplicitas
1247 916 1341 981 huius
1355 920 1402 983 rei

276 1020 419 1101 amputet
439 1016 664 1101 qmedcnem,
686 1020 803 1093 umen,
825 1016 899 1099 quia
918 1016 1016 1081 etiam
1030 1016 1096 1097 illa,
1112 1036 1192 1100 quse
1206 1020 1287 1085 alius
1301 1021 1401 1086 inter-
1423 1048 1437 1087 c

275 1122 437 1205 rogatione
457 1121 587 1203 indigne
601 1120 749 1195 duximst
769 1119 979 1204 scrupulosius
998 1126 1228 1205 perscrutantes
1242 1124 1400 1209 integram

275 1224 490 1290 obseruantiac
503 1226 629 1289 nostrae
642 1242 681 1288 ac
695 1224 837 1307 mysterii
851 1226 1020 1289 ueritatem
1030 1225 1213 1291 desideratis
1223 1244 1399 1309 agnuscere,

275 1328 543 1394 euidentissimum
571 1328 669 1392 etism
696 1328 790 1391 huius
813 1328 858 1391 rei
880 1328 1030 1410 percipite
1051 1328 1215 1400 tutionem,
1238 1335 1276 1393 ut
1296 1332 1400 1397 mani-

275 1431 385 1497 festius
407 1432 587 1515 adprobetis
608 1430 688 1495 nilril
702 1430 923 1495 inruticnsbile
938 1436 1059 1497 nostms
1075 1430 1240 1498 indidisse
1254 1437 1399 1499 maiores.

247 1537 347 1618 tlege
367 1534 526 1618 Moysaica
546 1536 690 1598 uniuerso
704 1534 818 1617 populo
833 1535 988 1616 generalis
1002 1535 1203 1619 promulgata
1217 1539 1437 1620 praeceptione

276 1639 340 1703 cst:
367 1638 537 1702 decimes
565 1641 654 1701 tuas
681 1639 720 1700 et
748 1636 954 1719 primitias
982 1636 1130 1702 olferes
1152 1639 1307 1706 domino
1330 1642 1400 1706 dec

276 1742 355 1805 tuo.
385 1741 489 1822 itaque
503 1740 558 1821 qui
570 1740 817 1805 mbotantierum
833 1746 1011 1806 nostrorum
1025 1742 1225 1824 omniumque
1239 1744 1400 1809 fructuum

276 1844 413 1909 decimas
434 1842 543 1908 olierre
561 1844 780 1925 praecipimur,
803 1844 904 1909 multo
925 1845 1027 1929 magis
1040 1864 1165 1911 neccsse
1179 1846 1229 1911 est
1248 1850 1287 1910 ut
1300 1847 1400 1929 ipsius

276 1965 396 2030 quoque
427 1950 669 2013 conuersationis
704 1952 828 2013 nostrae
863 1954 896 2013 et
932 1950 1061 2015 humani
1098 1968 1173 2015 usus
1210 1968 1401 2035 operumque

219 2109 224 2117 .
276 2051 453 2114 nostrorum
481 2052 616 2117 decimas
642 2051 817 2130 oderamus,
845 2070 925 2134 quse
951 2052 1090 2136 proiecto
1117 2054 1152 2117 in
1175 2056 1435 2136 supputationes

210 2168 217 2179 ·
246 2151 561 2235 3Quadrcgensimae
587 2154 749 2221 euidenter
782 2155 949 2237 inplentur.
987 2157 1127 2222 omnium
1160 2159 1242 2223 enim
1276 2158 1401 2223 dierum

276 2276 431 2336 numerus,
453 2258 568 2340 quibus
589 2260 750 2324 reuolutus
773 2260 806 2323 in
828 2261 932 2325 orbem
949 2278 1050 2325 sunus
1065 2260 1248 2335 includitur,
1264 2262 1401 2343 triginta

274 2380 327 2426 sen
341 2362 438 2426 semis
452 2362 574 2427 dierum
588 2380 718 2427 numero
732 2362 920 2427 decimatur.
949 2364 981 2427 in
997 2366 1116 2447 septem
1132 2384 1205 2430 uero
1219 2364 1400 2431 ebdomsdi·

275 2465 343 2545 bus,
375 2467 404 2530 si
435 2465 503 2529 dies
535 2464 685 2530 deminici
712 2466 746 2531 et
773 2467 904 2532 sabbeta
935 2467 1171 2550 subtrahentur,
1200 2470 1339 2552 quinque
1367 2470 1401 2533 et

275 2568 408 2652 triginta
440 2570 610 2651 supersunt
641 2568 706 2634 dies
741 2568 870 2635 ieiuniis
903 2572 1056 2654 deputati.
1100 2573 1155 2640 sed
1188 2572 1310 2638 adiecta
1342 2572 1436 2638 illuso

275 2673 456 2756 uigiliarum
488 2673 547 2752 die,
575 2692 637 2755 qua
663 2691 760 2756 usque
787 2675 821 2737 in
850 2675 1006 2757 gallorum
1034 2681 1160 2741 contum
1189 2677 1399 2742 inlucescente

274 2775 432 2842 dominica
444 2778 598 2842 ieiunium
611 2779 734 2844 subisti
748 2778 935 2860 protelatur,
953 2798 1015 2845 uon
1030 2780 1134 2844 solum
1148 2799 1202 2844 sex
1217 2781 1249 2844 et
1264 2781 1400 2862 triginta

274 2879 396 2944 dierum
417 2898 567 2946 uumerus
588 2882 788 2963 adimpletur,
811 2901 921 2949 uerum
937 2884 1032 2948 etium
1046 2902 1102 2966 pro
1117 2883 1247 2948 decimis
1262 2883 1399 2965 quinque

275 2982 406 3060 dierum,
433 2984 488 3064 qui
515 2985 633 3050 residui
661 2986 861 3064 uidebuntur,
888 2987 915 3051 si
937 2985 1018 3050 illud
1040 2986 1122 3070 quod
1144 2987 1399 3069 superediectum

275 3089 324 3150 est
344 3086 445 3152 noctis
467 3088 606 3170 spatium
627 3091 824 3171 conputetur,
843 3089 1031 3172 plenitudini
1046 3089 1145 3156 totius
1159 3107 1300 3156 summae
1316 3090 1435 3156 mnilc

275 3188 385 3253 deerit.

317 3291 433 3357 XXVI.
456 3291 538 3374 Quid
559 3312 633 3358 uero
655 3296 694 3358 de
715 3294 867 3376 primitiis
889 3295 1004 3371 dicam,
1026 3314 1105 3378 ques
1128 3296 1167 3360 cb
1182 3295 1329 3361 omnibus
1343 3295 1399 3379 qui

275 3393 399 3460 Christo
421 3395 555 3461 fideliter
578 3396 772 3467 famulentur
794 3397 906 3464 cotidie
927 3401 1047 3464 certum
1069 3401 1118 3463 est
1139 3397 1298 3463 exhiberi?
1324 3415 1399 3462 nam
1436 3479 1440 3486 Ι

377 3583 407 3636 ll
426 3582 587 3648 sx.22,29

324 3753 579 3824 tebdomatitusd
673 3755 884 3824 tqucrumdom
903 3756 954 3811 ΟΖ
1051 3755 1218 3808 ‘luirtutum
1236 3754 1314 3809 ΒΨ
1343 3757 1400 3809 uir·

271 3845 360 3896 tutem
387 3841 465 3895 B¹F¹
565 3841 743 3897 desiderantis
768 3841 848 3896 ΒΨ·
950 3857 1094 3910 agnuscere
1121 3841 1162 3895 K¹
1273 3843 1290 3896 8
1317 3841 1400 3896 huius

273 3929 354 3982 οιὶιω
375 3929 445 3997 occ
547 3929 582 3983 10
597 3930 716 3984 mosaica
731 3927 830 3983 BFK²
856 3926 1019 3996 mosaycct)
1120 3925 1152 3981 11
1177 3927 1284 3981 offerres
1301 3927 1333 3981 F

272 4015 365 4070 offerre
387 4015 411 4070 0
508 4016 541 4070 14
558 4032 666 4085 operum
683 4031 788 4084 quoque
806 4015 863 4068 BF
964 4015 996 4069 17
1014 4029 1138 4066 numeros
1156 4012 1197 4067 K'
1303 4015 1337 4069 18
1355 4013 1400 4067 cb-

273 4100 408 4170 comaco
492 4101 648 4156 lenitati
666 4101 725 4156 BF
807 4099 1040 4170 quinquc]e010
1125 4100 1159 4153 21
1178 4115 1229 4168 quo
1248 4098 1331 4153 ΒΕΘ

272 4191 354 4241 ente
371 4186 429 4241 en
510 4187 630 4242 ocrem
648 4187 718 4241 suo
808 4187 843 4241 25
860 4190 901 4241 ec
918 4173 969 4240 ce.
987 4186 1021 4240 rr
1103 4185 1173 4238 uuir
1191 4185 1260 4239 ce:
1290 4186 1401 4240 omnino

272 4273 362 4342 nond
387 4273 496 4328 omnino
513 4273 584 4327 nihil
601 4273 699 4342 (nichil
721 4273 802 4329 Onil
820 4277 846 4340 r)
869 4274 913 4329 Oc
1010 4269 1197 4326 acuminibus
1215 4271 1254 4324 B¹
1282 4271 1402 4326 homini-

275 4359 324 4410 bus
341 4359 412 4413 B’F
511 4362 558 4428 qui
575 4375 627 4414 osa.
645 4359 675 4414 F
776 4359 810 4414 28
827 4360 938 4414 cottidie
955 4360 982 4413 Ζ
1080 4357 1178 4412 exiberi
1199 4357 1252 4413 ΘΚ
