3009 5200
529 459 693 516 Conlatio
716 459 883 527 11,16-aa.
1225 463 1266 530 61

139 647 191 714 uel
219 647 322 731 pomis
352 648 453 713 uitam
481 647 597 733 iugiter
623 649 796 733 erigebant,
824 665 1025 733 praeposuere
1051 651 1173 716 onnotis
1198 650 1265 718 illis

139 753 338 817 refectionem
360 751 457 816 solius
479 751 579 836 panis,
602 752 690 818 ouius
712 751 934 834 aequissimum
955 753 1082 818 modum
1097 753 1131 818 in
1144 753 1265 818 duobus

139 853 328 938 paxamatiis
356 855 545 933 statuerunt,
573 873 648 937 quos
677 854 824 938 paruulos
852 868 949 936 panes
976 855 1030 919 nix
1052 845 1151 921 littae
1172 855 1265 922 unius

138 959 258 1040 pondus
280 957 395 1022 habore
416 956 627 1021 certissimum
650 960 707 1022 cst.

120 1103 131 1144 s
178 1078 251 1143 XX.
275 1074 363 1155 Quod
386 1093 441 1140 nos
463 1079 626 1160 gratanter
649 1075 783 1160 amplexi
804 1076 1016 1158 respondimus
1039 1074 1123 1141 hunc
1137 1076 1264 1142 modum

142 1198 194 1244 nos
216 1181 350 1245 minime
370 1198 425 1263 pro
441 1179 632 1246 continentia
649 1181 803 1263 reputare,
820 1181 932 1264 quippe
946 1181 1000 1263 qui
1014 1180 1175 1264 integrum
1190 1199 1262 1246 snm

141 1303 338 1368 nequaquam
358 1301 519 1368 possemus
546 1285 711 1350 insumere.

179 1404 267 1469 XXI,
292 1421 438 1469 uorans:
462 1403 496 1469 Si
518 1405 615 1469 uultis
638 1403 768 1487 experiri
789 1402 856 1468 uim
878 1401 992 1468 statuti
1013 1401 1115 1481 huius,
1138 1404 1265 1469 modum

141 1511 238 1573 istum
261 1508 377 1591 iugiter
397 1505 539 1589 retinete,
555 1507 677 1572 nullum
696 1508 888 1573 extrinsecus
904 1506 1051 1572 coctionis
1066 1504 1266 1590 pulmentum

109 1611 187 1676 nudie
203 1609 360 1676 dominico
376 1608 427 1674 nol
442 1608 566 1675 sabbati
581 1629 680 1692 neque
696 1608 754 1674 sub
767 1607 872 1690 aliqua
883 1606 1115 1674 aduenientium
1131 1609 1265 1673 llatrum

140 1713 299 1778 suessione
321 1713 489 1776 sumentes.
526 1731 599 1777 uam
622 1711 671 1776 his
701 1710 819 1778 relecta
841 1728 910 1777 curo
934 1729 995 1775 nou
1018 1711 1120 1777 solum
1143 1711 1264 1777 minore

142 1815 320 1898 quantitate
335 1813 444 1880 diebus
460 1813 591 1880 residuis
605 1817 720 1898 poterit
735 1814 913 1893 sustentari,
929 1833 1038 1879 uerum
1054 1815 1148 1879 etiam
1164 1817 1265 1878 totam

140 1917 338 1983 reiectionem
360 1917 429 1982 siue
451 1917 554 1984 labore
577 1917 710 1994 differre,
732 1917 861 1983 illorum
882 1917 1004 1983 scilicet
1026 1919 1165 1983 ciborum
1186 1934 1264 2001 quos

142 2022 334 2086 extrinsecus
361 2021 532 2104 sumpserit
565 2021 736 2087 adiectione
765 2019 902 2087 suffulta.
940 2022 1021 2103 quod
1053 2020 1140 2086 nullo
1173 2017 1295 2084 mod02

111 2122 239 2192 rancore
266 2141 324 2188 noc
351 2121 550 2188 reiectionem
580 2122 669 2205 panis
691 2121 814 2189 differre
837 2125 869 2190 in
891 2121 974 2188 diem
996 2125 1152 2206 posterum
1175 2139 1265 2204 prae-

141 2227 271 2305 ualebit,
294 2229 426 2311 quisque
449 2227 543 2292 merit
566 2245 689 2308 semper
710 2227 886 2311 praedictae
908 2246 1071 2293 mensurae
1090 2226 1264 2308 quantituta

141 2331 318 2394 contentus.
357 2330 471 2393 etenim
498 2329 626 2395 memini
648 2330 783 2396 seniores
812 2331 942 2408 nmmos,
965 2329 1046 2412 quod
1067 2347 1122 2394 nos
1144 2345 1266 2412 quoque

140 2435 256 2497 retineo
278 2431 456 2514 frequenter
478 2430 573 2496 fuisse
595 2450 767 2517 perpessos,
791 2450 862 2497 cum
887 2433 976 2495 tauto
998 2431 1103 2497 labore
1124 2448 1161 2495 ac
1182 2430 1264 2496 diffi-

140 2535 260 2602 cultate
279 2533 362 2600 hanc
383 2534 606 2619 parsimoniam
629 2539 820 2601 sustentasse
842 2534 992 2617 tantaque
1008 2535 1039 2600 ui
1054 2537 1148 2617 atque
1163 2533 1266 2601 inedia

109 2639 333 2722 epracdictam
362 2641 532 2706 custodisse
560 2658 751 2721 mensuram,
780 2642 817 2705 ut
845 2640 938 2704 inniti
962 2640 1187 2721 quodammodo
1209 2657 1266 2705 uec

139 2742 207 2808 sine
222 2743 343 2829 gemitu
358 2742 451 2826 atque
467 2742 600 2808 tristitia
611 2742 693 2808 huuc
704 2743 798 2808 linem
811 2740 871 2807 sibi
882 2742 1060 2807 retentionis
1071 2742 1264 2823 inponerent.

183 2860 284 2929 XXII.
314 2861 474 2929 Generalis
501 2865 607 2928 tamen
634 2862 685 2928 hic
714 2862 920 2928 continentiae
945 2862 1055 2927 modus
1078 2861 1134 2941 est,
1157 2862 1193 2926 ut
1213 2880 1264 2927 se·

141 2966 278 3031 eundum
305 2966 507 3048 capacitatem
535 2963 653 3031 uirium
681 2965 734 3031 uel
763 2965 898 3048 corporis
925 2963 976 3030 uel
1002 2964 1114 3029 aetatis
1137 2966 1263 3030 tanturn

143 3067 268 3133 sibimet
292 3066 355 3131 cibi
376 3068 583 3151 uuusquisque
605 3067 761 3145 concedat,
779 3068 932 3149 quantum
950 3066 1137 3132 sustentatio
1153 3068 1264 3150 carnis,

109 3188 203 3241 anon
225 3171 375 3253 quantum
399 3170 586 3237 desiderium
608 3168 783 3235 saturitatis
806 3170 952 3253 exposcit.
987 3170 1166 3252 inutraque
1181 3173 1263 3236 enirn

142 3278 230 3357 parte
243 3274 411 3339 sustinebit
423 3274 594 3339 marimum
608 3274 843 3351 detrimontum,
857 3271 996 3356 qusquis
1007 3271 1263 3356 inaequalitatem

144 3381 249 3441 tenens
280 3392 363 3441 nunc
388 3376 529 3441 nentem
557 3376 741 3441 ieiuniorum
769 3374 918 3440 nuditate
950 3375 1148 3459 mnatringit,
1177 3394 1260 3441 nunc

144 3496 283 3543 escarum
318 3478 480 3543 nimietate
513 3477 670 3545 distendit.
707 3482 744 3542 ut
776 3476 859 3541 onim
893 3494 981 3544 meus
1014 3476 1078 3542 cibi
1109 3474 1294 3543 inanitat02

144 3581 257 3647 lassata
278 3580 378 3665 perdit
400 3581 574 3647 orationum
596 3583 744 3667 uigorem,
760 3578 834 3645 dum
850 3580 950 3645 carnis
965 3578 1150 3646 lassitudine
1165 3580 1264 3645 nimia

194 3868 371 3935 lampabant
392 3868 429 3921 W
526 3868 735 3938 2aaqnissimus
751 3869 796 3923 D¹
892 3868 1090 3939 dpaxamatiis
1106 3868 1162 3923 D¹:
1191 3868 1265 3937 pari·

145 3954 232 4008 mitiis
254 3953 366 4010 D¹WO
393 3957 535 4024 parmatiis
556 3954 588 4013 X
689 3953 893 4011 dmutiaaimus
914 3955 956 4010 D¹
1057 3954 1165 4009 doato
1188 3952 1265 4019 Quod

144 4039 207 4095 add.
220 4040 306 4096 Oxo:
334 4038 482 4097 Germanus
563 4042 678 4097 8mosee
688 4040 840 4098 D¹WOX¹
926 4039 1066 4095 ilatumO
1146 4040 1264 4094 ronasce

149 4126 192 4185 W¹
288 4126 322 4181 13
340 4127 507 4195 cyborumD
602 4127 635 4186 18
646 4129 752 4181 neuneu
768 4125 831 4182 le
856 4124 1196 4181 sosarmo-mccl)

145 4212 176 4265 19
196 4211 297 4281 adqnm
319 4212 363 4262 W'
467 4212 502 4267 20
525 4214 661 4283 praedicta
681 4210 723 4267 D¹
827 4207 990 4280 quodamodo
1010 4210 1076 4266 WO
1174 4212 1208 4265 21
1226 4225 1265 4264 ro

145 4295 266 4351 lectiones
285 4296 329 4353 D'
423 4298 457 4352 23
474 4298 519 4352 uel
535 4298 644 4368 aetatis]
662 4296 796 4366 qualitati
808 4298 840 4351 iou
849 4298 984 4351 roo.an
1000 4296 1030 4351 D
1123 4297 1158 4351 24
1174 4295 1265 4351 cibum
1313 4282 1318 4290 ’

146 4383 189 4462 O¹
266 4382 532 4441 aerumnosam
631 4382 665 4437 28
682 4380 743 4451 cybi
760 4381 790 4436 D
890 4382 926 4437 29
943 4383 1115 4438 orationisO
