3009 5200
265 413 328 482 698
657 410 821 468 lobannis
841 411 998 468 Cassiani

265 603 400 686 rigorem
422 601 605 668 intentionis
619 619 696 668 suae
710 601 869 668 interdum
883 602 1002 668 relocet
1014 620 1052 668 se
1066 601 1195 676 relaxet,
1220 599 1385 668 irremisso

264 709 373 789 uigore
398 706 573 772 lentescens
601 707 715 772 uirtuti
741 705 881 790 spiritus,
908 723 979 771 eum
1005 705 1173 772 scenitas
1193 705 1307 788 poscit,
1330 705 1386 770 ob·

264 809 431 876 secundrrs
452 827 513 875 uon
536 809 662 891 poterit.

306 929 406 997 XXII.
435 946 633 996 omme:
666 928 821 1010 Quoniam
854 928 944 995 nobis
974 928 1166 996 inlusionum
1198 931 1387 995 cunctorum

264 1034 398 1101 remedie
425 1034 589 1100 contulisti
616 1035 649 1098 et
675 1033 851 1099 diabolicae
878 1034 992 1115 quibus
1014 1033 1231 1115 quatiebamur
1251 1029 1422 1096 insidises

262 1155 318 1222 per
339 1137 512 1202 doctrinam
535 1137 623 1202 tusrn
645 1135 735 1201 nobis
759 1136 885 1201 domino
906 1137 1042 1202 donante
1056 1136 1197 1202 deuotus
1218 1135 1304 1210 suut,
1325 1133 1386 1200 hoe

262 1257 383 1322 quoque
411 1239 501 1305 nobis
529 1239 678 1305 similiter
706 1257 869 1323 precamur
896 1239 1024 1306 edisseri
1051 1241 1132 1324 quod
1161 1238 1196 1304 in
1218 1237 1385 1321 euangelio

261 1341 395 1406 dicitur:
424 1342 559 1425 iugum
586 1361 708 1409 meum
735 1361 856 1408 susus
882 1342 1009 1408 estet
1036 1358 1130 1407 onus
1152 1359 1277 1406 meum
1299 1341 1386 1407 leue

262 1451 331 1510 est.
368 1445 447 1510 salis
469 1445 554 1510 euim
576 1447 771 1530 propheticae
792 1446 844 1512 illi
872 1448 1047 1512 sententiae
1069 1445 1195 1511 uidetur
1216 1444 1385 1510 aduersum

261 1567 325 1632 que
364 1548 495 1615 dicitur:
532 1553 694 1632 proptor
731 1551 852 1615 uerba
884 1547 1088 1614 labiorum
1121 1553 1282 1614 tuorum
1316 1564 1423 1630 egon

263 1653 470 1718 custodiui
493 1653 578 1718 uiss
601 1653 734 1729 duras,
758 1655 871 1736 quippe
892 1671 964 1718 cum
987 1653 1083 1717 etiam
1103 1651 1263 1733 spostolus
1284 1651 1384 1716 diost:

262 1775 393 1822 omues
422 1757 488 1840 qui
517 1756 657 1821 uolunt
683 1756 745 1837 pie
768 1757 901 1820 uiuere
923 1758 959 1820 in
981 1753 1142 1822 Christo
1163 1753 1383 1836 persecuti-

262 1877 355 1924 onos
377 1861 603 1942 patiuntur.
642 1858 790 1942 quidquid
814 1864 920 1925 autem
943 1860 1056 1925 durum
1071 1861 1103 1924 et
1118 1857 1385 1940 persecutionibus

262 1968 309 2028 est
332 1963 492 2040 refertum,
515 1983 570 2030 nec
592 1963 663 2028 leue
689 1966 882 2047 potestesse
904 1982 960 2029 neo
980 1981 1086 2028 suano.

304 2083 423 2149 XXHl.
447 2101 631 2150 murum:
662 2083 864 2150 Verissimum
894 2083 1014 2148 domini
1043 2101 1079 2148 ac
1102 2080 1269 2148 saluatoris
1287 2079 1421 2146 nostrie

262 2203 326 2250 esse
341 2187 529 2252 senmntiam
544 2187 750 2270 experientiae
764 2187 863 2269 ipsius
874 2186 961 2252 incili
972 2183 1174 2268 probabimur
1186 2183 1381 2260 docummto,

261 2289 288 2353 si
311 2288 508 2370 perfectiouis
531 2289 616 2355 uism
639 2288 782 2372 legitime
804 2294 837 2355 et
859 2287 1031 2354 secuudum
1053 2287 1250 2356 uoluntatem
1263 2283 1382 2350 Christi

262 2390 414 2456 fuerimus
442 2391 589 2475 adgressi,
613 2394 645 2457 ot
666 2393 888 2458 mortificantes
916 2392 1020 2458 omnia
1041 2391 1197 2457 desiderio
1219 2391 1324 2454 nostra
1345 2405 1382 2453 ao

261 2495 441 2560 uoluntates
463 2495 570 2560 noxias
600 2496 794 2562 abscidentes
815 2515 877 2562 ron
906 2496 1009 2562 solum
1031 2493 1112 2560 nibil
1134 2492 1270 2562 residere
1291 2490 1381 2558 nobis

260 2598 298 2663 de
329 2596 422 2662 buius
450 2597 559 2663 mundi
588 2598 766 2665 substantia
786 2598 963 2683 dussimus,
986 2617 1042 2681 per
1063 2616 1159 2680 quam
1179 2593 1289 2678 utique
1310 2611 1421 2662 oum»

260 2698 387 2765 libitum
410 2698 505 2767 fuerit
524 2701 670 2767 usstandi
691 2718 747 2767 nos
770 2720 808 2767 ao
825 2702 1016 2769 dilacerandi
1029 2700 1219 2785 potestatem
1233 2697 1380 2766 iuimicus

261 2804 409 2883 inueniet,
433 2806 488 2870 sed
510 2804 607 2869 stium
628 2805 727 2871 nostri
749 2803 849 2888 ipsius
863 2822 927 2869 nou
939 2822 1007 2871 esse
1021 2821 1077 2871 nos
1091 2802 1233 2869 dominos
1247 2800 1380 2868 senseri-

260 2924 340 2985 mus,
363 2902 444 2971 illud
465 2906 671 2988 apostolicum
693 2906 727 2971 in
749 2907 885 2974 ueritate
906 2905 1102 2989 conplentur:
1133 2904 1228 2976 uiuo
1251 2907 1380 2969 sutem

230 3008 336 3077 2iam
363 3025 436 3074 non
463 3027 549 3094 ego,
579 3010 685 3077 uiuit
706 3028 797 3078 uero
825 3010 864 3077 in
886 3028 943 3077 me
965 3008 1161 3077 cbristus.
1200 3006 1276 3091 quid
1296 3006 1380 3073 enim

260 3130 356 3195 graue
388 3113 505 3194 poterit
532 3130 609 3193 esse,
639 3114 714 3195 quid
743 3114 856 3181 durum
883 3115 922 3193 ei,
951 3113 1005 3199 qui
1035 3113 1145 3196 iugum
1173 3110 1292 3180 cunuti
1313 3110 1422 3175 botsac

260 3216 366 3281 mente
388 3216 568 3299 susceperit,
591 3216 645 3299 qui
663 3234 736 3283 uera
759 3216 940 3283 bumilitate
962 3214 1110 3282 fundatus
1136 3231 1319 3297 semperque
1341 3210 1380 3277 sd

259 3318 378 3386 domiui
415 3318 581 3401 respiciens
617 3321 773 3403 passiones
809 3319 842 3385 in
874 3320 1018 3387 omnibus
1056 3338 1135 3402 quse
1170 3318 1233 3387 sibi
1264 3316 1380 3383 luerint

359 3496 585 3563 81111130
694 3499 912 3567 uererer
1024 3497 1315 3565 trutinam

257 3580 466 3648 witi-220

310 3747 325 3799 1
349 3744 454 3803 nolebat
479 3747 502 3803 0
529 3746 632 3803 relaxat
654 3747 720 3808 13¹0
822 3750 970 3810 lluirtuiis
986 3749 1067 3807 ΒΨ
1169 3747 1290 3804 dnob’m
1306 3751 1382 3815 (9⁰⁶²

257 3832 344 3899 tuam)
362 3848 412 3887 osu.
433 3833 501 3903 Οβυ
599 3835 704 3905 iquod
721 3838 749 3889 et
766 3837 796 3891 in
813 3835 845 3890 F
940 3839 1057 3895 drusus
1072 3839 1117 3891 est
1133 3838 1161 3891 et
1178 3834 1270 3892 Bru:
1300 3848 1382 3887 susus

257 3918 351 3989 etde
452 3920 538 3975 benus
565 3920 606 3977 Β*
707 3922 921 3981 intono
1019 3922 1183 3995 proisi-K¹
1284 3918 1382 3990 inor

257 4004 333 4062 illim
363 4006 387 4063 0
500 4007 533 4063 13
559 4008 696 4077 patientur
723 4008 792 4080 Orio
819 4014 846 4068 st
871 4008 948 4081 Vela.
1049 4008 1178 4080 quicquid
1203 4006 1315 4063 3¹01?

257 4091 353 4149 durum
372 4108 422 4149 oro.
438 4093 467 4148 Β
552 4094 589 4164 st}
606 4098 655 4149 ant
670 4095 730 4151 BF
818 4094 852 4152 ld
868 4095 1040 4166 probavimus
1056 4096 1085 4151 B
1172 4094 1207 4149 19
1222 4108 1278 4149 nou
1294 4092 1380 4154 solu

256 4176 1094 4248 nihil......ecp.sr,otrincsuntsimdmnriaz,
1117 4176 1381 4247 dwdurWW'

256 4261 373 4329 peditis
474 4266 510 4319 20
527 4264 679 4321 nobsrimur
701 4265 732 4331 0,
827 4267 954 4339 qncno
1054 4267 1088 4321 21
1105 4265 1315 4326 delacerrndiO

257 4348 292 4401 23
309 4348 388 4402 illum
408 4349 447 4401 K¹
550 4350 584 4405 26
601 4350 744 4420 susciperit
762 4351 804 4406 Κ*
