3009 5200
453 473 616 532 Conlatio
637 475 796 542 x11,a-o
1123 479 1187 549 339

67 667 240 746 potentium
261 663 409 730 uitiorum
433 663 539 730 diuino
561 669 717 730 mereatur
739 681 868 730 munem
888 664 1026 742 liberari,
1049 683 1110 732 uon
1125 684 1187 749 quo

67 766 250 849 adepturum
279 785 312 832 se
341 785 397 850 per
420 766 475 831 illa
498 765 634 832 ooufidet
660 767 755 832 istam
777 785 872 850 quam
895 769 981 851 eupit
1002 769 1186 838 inuiolatam

66 872 200 951 eorporis
228 870 416 936 castitatem.
454 871 544 936 muto
576 871 681 935 antem
716 889 793 955 erga
817 871 1056 954 adquisitionem
1088 873 1217 940 oseti-3

68 972 186 1037 ueniae
211 973 363 1038 desiderio
386 977 478 1056 atque
501 990 604 1039 amore
626 973 814 1053 flammetur,
836 977 952 1057 quanto
974 977 1043 1059 quis
1059 977 1186 1060 pesum-

49 1095 149 1140 earum
172 1075 374 1141 auidissimus
398 1074 563 1158 adpetitor,
585 1076 637 1141 uel
659 1079 685 1141 si
708 1077 761 1159 qui
779 1095 903 1144 summa
917 1077 1069 1144 honorum
1085 1078 1186 1144 ambi·

67 1177 147 1242 done
171 1179 372 1258 distenditur,
397 1178 448 1244 uel
470 1179 523 1260 qui
546 1177 736 1244 intolerabili
757 1179 906 1263 pulohrae
926 1181 1065 1247 mulieris
1080 1199 1185 1248 amere

66 1282 218 1362 raptatur,
241 1281 428 1346 desiderium
446 1299 537 1347 suum
553 1279 816 1364 inpatientissimo
832 1281 941 1347 ardore
955 1286 1042 1365 optat
1058 1284 1183 1365 expleri.

66 1387 93 1446 ot
119 1386 168 1448 ita
200 1383 252 1449 fiet
282 1387 327 1462 ut,
357 1382 431 1450 dum
461 1402 515 1468 pro
544 1383 735 1466 integritatis
769 1385 978 1467 perpetuitate
1009 1385 1184 1452 insatiabili

67 1488 235 1568 eupiditate
264 1488 471 1564 suspenditur,
498 1485 712 1552 desiderabilis
742 1487 932 1570 despiciatur
958 1488 1055 1568 eibos,
1081 1507 1184 1555 nesea·

42 1589 161 1656 sarius
200 1589 322 1656 horreat
353 1592 454 1673 potus,
488 1604 615 1655 somnus
648 1588 781 1672 denique
808 1591 875 1673 ipse
902 1591 1033 1657 naturae
1058 1590 1182 1658 debitus

67 1696 227 1776 respuatur
248 1694 300 1759 uel
321 1694 402 1758 osrte
425 1696 461 1757 ut
483 1695 627 1776 deeeptor
652 1691 960 1759 irauduleutissimue
982 1694 1129 1777 puritatis
1150 1697 1183 1760 et

67 1797 204 1861 amulae
236 1799 328 1880 alque
361 1798 532 1862 eomundus
565 1797 704 1861 eastitoti
738 1797 880 1861 admotis
912 1797 1005 1880 atque
1037 1799 1184 1881 suspects

67 1901 165 1963 mente
202 1900 353 1980 capiatur,
383 1901 415 1963 ot
443 1899 490 1964 ita
518 1899 729 1982 uuusquisque
759 1898 872 1963 cotidie
893 1899 1088 1984 integritatis
1109 1919 1183 1968 suae

67 2001 237 2066 matutinus
276 2003 449 2086 explorator
485 1999 614 2066 effeetus
647 2001 684 2066 de
718 2000 842 2066 eoulata
874 2001 934 2067 sibi
966 2003 1183 2084 purificatione

43 2104 256 2187 soougaudeat
277 2123 406 2188 eamque
428 2123 461 2171 so
483 2123 545 2170 uon
567 2121 623 2170 suo
649 2104 753 2171 studio
776 2123 835 2170 neo
848 2103 1028 2188 uigilantia,
1043 2107 1097 2170 sed
1112 2121 1184 2187 pro·

68 2207 199 2273 tertioue
229 2207 346 2272 domiui
373 2207 490 2274 sentiat
518 2209 725 2290 eouseoutum,
754 2225 792 2272 ao
820 2208 941 2274 tamdiu
967 2207 1057 2273 illius
1078 2225 1183 2289 peree-

67 2311 237 2375 uerauta‘am
264 2329 318 2377 suo
348 2311 466 2394 eorpori
495 2311 659 2394 intellegat
687 2309 897 2392 eonsensum,
931 2309 1080 2394 quamdiu
1114 2328 1184 2376 eam

69 2412 207 2479 domiuus
244 2431 299 2480 sua
335 2413 430 2478 fuerit
466 2413 664 2479 miseratione
701 2412 847 2497 largitus.
892 2412 945 2496 qui
984 2415 1066 2478 enim
1103 2411 1215 2479 hano4

69 2517 217 2582 stabiliter
238 2515 359 2583 obtinet
381 2517 485 2601 iidem,
508 2532 703 2600 nequaquam
731 2516 899 2600 superbum
920 2515 1042 2601 sapiens
1066 2516 1105 2582 de
1126 2534 1183 2583 sua

44 2622 178 2685 suirtute
201 2620 333 2687 eouddet
355 2635 454 2703 neque
480 2621 626 2685 seduotus
649 2619 752 2703 longis
768 2620 893 2685 obsoeui
907 2620 1036 2702 liquoris
1051 2620 1183 2685 indutiis

69 2722 265 2789 blandissima
286 2725 452 2789 securitate
467 2722 615 2807 soluetur,
640 2722 740 2789 soious
755 2721 976 2804 inpurissimae
991 2722 1183 2788 conluuiouis

69 2828 223 2911 aspergine
251 2844 285 2892 se
314 2826 456 2911 protinus
478 2824 710 2907 maeulaudum,
736 2825 766 2891 si
788 2826 839 2890 uel
861 2824 1024 2909 paululum
1045 2825 1120 2908 quid
1142 2828 1182 2893 ab

70 2944 98 2991 eo
123 2930 277 3012 protentio
310 2928 419 2995 diuina
451 2927 636 2994 discesserit
674 2946 710 2993 ao
737 2927 865 3010 perinde
893 2946 949 3011 pro
975 2930 1183 3013 perpetuitate

70 3030 128 3096 eius
150 3050 224 3098 eum
245 3032 331 3097 omui
353 3030 538 3099 eoulritioua
562 3034 594 3096 et
614 3029 797 3096 humilitate
825 3031 928 3097 oordis
950 3031 1114 3099 indefessis
1136 3034 1183 3099 est

45 3135 250 3201 sessionibus
273 3133 498 3199 excubandum.

104 3252 139 3318 V.
163 3253 271 3320 Vultis
294 3256 399 3320 autem
418 3270 528 3335 eapere
550 3268 644 3336 super
663 3250 756 3319 huius
777 3254 823 3320 rei
845 3272 939 3337 quam
953 3254 1085 3322 dioimue
1100 3252 1183 3320 ueri·

70 3356 126 3421 tate
156 3356 283 3423 euidens
312 3356 539 3442 argumentum,
561 3372 617 3439 per
639 3354 720 3438 quod
743 3356 876 3422 ethaeo
897 3374 977 3441 quae
999 3357 1181 3423 dictasunt

113 3631 128 3685 1
154 3645 302 3685 mereamur
327 3630 355 3683 Σ
457 3630 589 3683 mereatur
611 3629 726 3699 munere]
749 3628 838 3698 possit
860 3627 957 3683 marito
985 3626 1010 3681 0
1051 3656 1054 3661 -
1112 3627 1182 3698 quod

68 3713 91 3767 0
188 3715 276 3769 2an
296 3712 351 3767 ΠΟ
450 3714 467 3768 4
488 3714 573 3783 adque
596 3712 621 3767 Ο
722 3714 889 3769 flammemur
905 3712 960 3767 ΣΟ
987 3711 1183 3768 inflammemur

69 3800 91 3851 l'
185 3800 405 3869 deupidissimae
423 3798 519 3853 ΠῪΟυ
620 3800 645 3854 si
667 3814 717 3855 osa.
739 3798 838 3855 llu‘os
940 3798 1069 3853 bonorum
1086 3798 1117 3850 Π

67 3884 314 3955 dpulehrae·mul.]
333 3886 439 3941 sanetae
457 3886 579 3941 caritatis
597 3886 657 3954 (aie)
676 3884 706 3936 Π
789 3884 948 3952 iraptatue
965 3884 1008 3936 ‘P'
1087 3884 1183 3952 Bpro·

70 3972 121 4037 pter
136 3973 187 4026 int
204 3970 408 4041 perpetuitatem
428 3969 453 4022 0
549 3970 566 4024 9
583 3968 768 4024 sucseudimur
787 3966 896 4024 mos
991 3966 1072 4023 dieid.
1089 3966 1184 4036 dispie.

69 4052 102 4105 11¹
194 4058 226 4111 11
244 4056 404 4111 fraudoleut
422 4055 448 4108 Φ
541 4060 569 4109 et
585 4052 680 4110 om.0
776 4053 809 4109 12
826 4053 962 4108 eastitatis
978 4052 1007 4105 l·
1096 4052 1183 4121 adque

69 4138 92 4192 0
179 4144 301 4213 suseepta
319 4140 385 4193 ΣΠ1
481 4140 513 4195 13
531 4143 596 4195 nott
617 4144 644 4194 Y
670 4139 802 4195 eotidiaue
821 4136 848 4192 Ο
939 4136 974 4195 lb
990 4153 1072 4207 eaque
1090 4136 1138 4191 0·

70 4242 93 4280 se
108 4244 155 4283 om.
174 4230 202 4280 Σ
286 4226 319 4283 16
338 4226 379 4281 dei
396 4226 426 4280 Σ
513 4228 705 4297 eousequutum
724 4225 779 4280 ΤΟ
865 4225 897 4279 17
914 4222 1116 4295 quoesuram'O

72 4312 99 4366 19
122 4317 176 4385 opt
201 4316 229 4368 Σ
332 4314 368 4369 10
393 4312 470 4383 longi
497 4314 525 4365 Σ
626 4310 717 4369 lieorie
744 4312 770 4365 0
792 4312 921 4383 (paulas)
1022 4308 1057 4365 11
1081 4310 1186 4380 paulol.

69 4398 93 4449 P
184 4400 218 4455 23
235 4400 345 4471 proinde
364 4398 411 4457 Oe
512 4398 547 4455 25
564 4396 789 4454 iuoubaudnmo
1143 4391 1149 4415 ¹

1026 4499 1083 4554 22!
