3009 5200
480 409 640 466 Conlatio
662 413 725 478 ΧΠ,
743 415 820 470 6-7.
1147 421 1211 489 345

90 614 224 664 meam:
254 598 293 662 et
320 599 457 665 eduxit
485 619 543 665 ms
574 600 619 666 de
647 603 734 669 lacn
761 605 967 690 miseriae,
999 613 1036 674 ot
1062 611 1211 679 deluto

90 701 222 767 isecis.
267 705 305 765 et
341 701 489 768 statuit
524 721 642 786 supra
678 710 830 789 petram
865 711 983 791 pedes
1020 731 1137 780 meos:
1175 721 1213 782 et

89 803 235 870 direxit
256 821 414 888 gressus
436 823 549 871 meos.

130 925 203 992 llll.
225 925 321 991 ldulti
344 929 418 992 sunt
441 927 523 992 enim
553 927 756 995 castimoniae
784 931 900 1013 gradus
926 935 1037 1016 quibus
1060 936 1100 1001 ad
1122 935 1212 1003 illem

69 1029 303 1095 sinuiolabilem
325 1030 537 1096 conscenditur
561 1032 741 1112 puritatem.
774 1051 851 1116 quos
874 1035 949 1100 licet
968 1055 1025 1101 neo
1040 1040 1212 1123 perspicere

88 1151 145 1198 nec
173 1133 338 1198 enuntiare
368 1134 404 1197 ut
432 1131 563 1216 dignum
592 1134 639 1199 est
667 1132 770 1199 uirtus
794 1140 902 1203 nostra
923 1136 1070 1219 sufficiat,
1093 1145 1212 1225 tamen,

88 1236 160 1319 quia
189 1236 287 1302 series
315 1235 499 1302 narrationis
523 1237 668 1318 exposcit,
700 1241 868 1303 amandum
888 1239 1136 1307 mediocritatem
1159 1263 1211 1309 er·

86 1339 261 1421 parientiae
284 1340 408 1403 nostrae
424 1340 592 1422 utcumque
606 1339 744 1423 prolerre
766 1341 999 1424 temptabimus,
1020 1349 1212 1412 reseruantes

87 1441 276 1525 perfectiora
309 1441 454 1524 perfectis
487 1457 543 1507 nec
578 1441 824 1524 praeiudicantes
856 1444 906 1510 his
939 1444 993 1529 qui
1025 1447 1211 1514 feruentiore

57 1547 191 1612 ustudio
219 1547 376 1628 puriorem
405 1545 621 1610 castimoniam
650 1547 845 1630 possidentes
872 1551 988 1631 quanto
1011 1550 1137 1616 maioris
1159 1553 1210 1616 in·

88 1649 227 1716 dustriae
260 1654 344 1729 sunt,
378 1650 467 1714 tanto
500 1649 594 1714 etium
628 1649 836 1731 perspicaciae
868 1653 976 1734 nigore
1008 1655 1210 1737 praecellunt.

88 1751 217 1834 proinde
244 1771 295 1818 ser
324 1751 470 1835 gradibus
502 1751 576 1817 licet
609 1751 710 1817 multa
740 1772 760 1818 a
788 1771 822 1817 se
849 1753 987 1819 inuicem
1016 1754 1242 1822 sublimitat02

88 1855 280 1922 tutantibus
314 1855 440 1938 lastigie
475 1855 630 1920 castitatis
664 1856 821 1937 praecelsa
857 1858 1050 1942 distinguam
1087 1859 1142 1938 ita,
1177 1862 1213 1926 ut

88 1963 240 2044 quaedam
270 1959 373 2025 media
402 1975 479 2040 quac
507 1957 612 2022 tanum
635 1957 737 2023 multa
759 1960 834 2024 sunt
854 1961 1113 2041 praetermittam,
1136 1982 1211 2045 qno·

60 2084 158 2129 nrum
189 2061 350 2128 subtilitas
379 2061 426 2125 ita
453 2061 605 2126 humanos
635 2059 826 2144 subterfugit
856 2081 975 2143 sensus,
1006 2066 1044 2128 ut
1064 2083 1133 2129 eam
1155 2084 1212 2130 nec

89 2185 175 2231 mens
198 2166 350 2249 inspicere
372 2181 429 2229 nec
450 2163 590 2246 proloqui
612 2165 722 2246 lingua
741 2166 932 2248 praeualeat,
960 2166 1073 2249 quibus
1095 2168 1211 2232 sensim

90 2269 243 2334 eastitatis
280 2267 376 2351 ipsius
420 2267 569 2351 perfectio
614 2266 778 2332 cotidianis
824 2268 1012 2352 profectibus
1051 2269 1210 2348 adolescit.

90 2372 257 2437 secondum
287 2369 525 2436 similitudinem
554 2387 687 2453 namque
720 2388 882 2455 corporum
908 2373 1109 2452 terrenorum,
1133 2388 1211 2456 quae

90 2475 221 2560 singulis
255 2474 363 2540 diebus
396 2472 620 2538 insensibiliter
649 2473 697 2538 sui
727 2474 857 2556 capiunt
885 2476 1077 2541 incrementa
1105 2479 1138 2542 et
1166 2479 1212 2541 ita

61 2583 163 2645 udum
196 2576 341 2643 nesciunt
373 2576 411 2643 ad
445 2576 616 2659 perfectum
652 2575 796 2641 habitum
833 2577 1055 2659 prouohuntur,
1088 2579 1212 2645 animae

91 2701 208 2767 quoque
230 2683 324 2747 robur
345 2698 381 2746 ac
402 2681 568 2745 maturitas
590 2680 743 2745 castitatis
758 2679 942 2762 adquiritur.
969 2682 1088 2763 primns
1103 2682 1241 2765 itaque3

90 2786 258 2871 pudicitiae
301 2785 415 2867 gradus
459 2788 515 2867 est,
564 2802 603 2847 ne
646 2784 782 2867 uigilans
825 2783 1050 2868 inpugnatione
1093 2786 1212 2852 carnali

91 2890 260 2955 monachus
303 2888 445 2965 elidatur,
490 2886 653 2963 secundus,
699 2904 738 2951 ne
773 2904 862 2952 mens
898 2886 985 2952 illins
1025 2888 1212 2972 uoluptariis

92 2991 329 3077 cogitationibus
358 2990 537 3072 inmoratur,
568 2989 690 3065 tertius,
721 3006 761 3054 ns
783 2989 916 3055 femineo
939 2991 990 3054 uel
1012 2992 1150 3058 tenuiter
1171 2994 1212 3058 ad

62 3092 368 3177 sooncupiscentiam
400 3095 562 3158 moueatur
591 3092 727 3173 aspectu,
758 3094 899 3175 quartus,
928 3112 967 3158 re
996 3094 1130 3177 uigilans
1160 3094 1212 3159 uel

91 3200 263 3283 simplicem
285 3194 387 3261 carnis
409 3196 544 3277 perierat
564 3197 695 3273 motum,
722 3196 861 3277 quintus,
876 3214 926 3273 ne,
943 3214 1015 3263 cnm
1028 3198 1212 3262 memoriam

90 3299 296 3385 generationis
320 3301 473 3365 humanae
495 3299 548 3365 uel
570 3300 723 3363 tractatus
755 3301 834 3365 ratio
856 3300 909 3365 nel
930 3300 1097 3366 necessitas
1119 3301 1211 3365 lecti·

90 3406 155 3470 onis
197 3402 373 3487 ingesserit,
411 3398 636 3467 subtilissimus
677 3406 816 3467 mentem
851 3400 1045 3484 uoluptariae
1080 3402 1211 3467 actionis

91 3508 280 3591 perstringat
313 3506 470 3583 adsensus,
507 3505 562 3570 aed
597 3506 685 3571 uelut
716 3522 794 3589 opus
823 3505 979 3587 quoddam
1012 3504 1142 3588 simplex
1175 3523 1211 3571 ac

140 3748 155 3800 1
174 3745 231 3799 loto
249 3744 289 3796 Πι
389 3743 488 3799 trecis
506 3744 567 3797 ΠΤ
593 3744 692 3799 fecsO
794 3760 873 3813 anper
889 3744 919 3795 Π
936 3742 1015 3814 Vulp.
1116 3746 1212 3813 δρυσὶ

91 3848 197 3901 gressus
220 3846 291 3885 meos
313 3829 441 3885 additam
464 3835 504 3885 cat
525 3833 558 3887 in
580 3831 621 3883 ll:
650 3846 733 3899 usque
755 3830 800 3883 hic
900 3829 1011 3884 danim
1034 3831 1098 3883 sunt
1121 3831 1147 3881 P

91 3920 179 3988 tque
200 3916 302 3971 scilicet
323 3916 405 3970 ΣΠΟ
505 3918 523 3973 8
549 3916 722 3973 temtauimus
749 3916 778 3967 Σ
881 3916 915 3971 10
940 3916 1051 3969 maiores
1077 3914 1145 3967 11¹0
1196 3972 1199 3976 ,

93 4004 123 4057 13
140 4006 172 4057 ut
188 4018 240 4058 om.
257 4004 287 4053 Σ
388 4003 420 4057 17
438 4003 555 4073 perlecto
573 4002 601 4055 Σ
703 4000 796 4056 cottid-
814 4004 841 4054 Ψ
940 4001 973 4055 19
989 4001 1085 4057 insius.
1103 4000 1143 4052 11¹

91 4090 125 4144 20
138 4088 340 4159 praedabuntur
356 4088 384 4140 Σ
477 4088 510 4143 21
529 4088 608 4143 robor
625 4088 684 4142 ΠΨ
769 4088 852 4142 rubor
869 4088 895 4142 0
987 4087 1098 4142 costitm
1115 4088 1144 4139 Σ

91 4174 337 4245 ΣΣηοῙιιὲίιιοῬ
436 4175 691 4230 iduoluntariis‘l'
788 4174 1006 4245 idcellnecll
1099 4175 1212 4229 aarum

93 4277 118 4313 rn
135 4260 290 4316 memoriam
309 4258 338 4311 Σ
432 4260 466 4313 tl
484 4260 611 4317 lectiones
628 4260 667 4313 Π1
760 4261 797 4316 28
813 4261 904 4330 suptil.
922 4260 951 4311 Σ
1044 4258 1212 4315 uoluntariae

93 4348 145 4401 ΤΟ
244 4344 278 4401 29
295 4346 377 4400 uelud
394 4348 420 4399 Y
