3009 5200
436 444 598 502 Conistio
620 444 715 509 XIIII,
740 444 850 501 15-16.
1143 444 1207 511 419

81 637 218 719 primum
241 652 315 717 ergo
337 633 555 700 seminandum
577 632 666 700 nobis
694 636 743 698 est
764 637 803 699 ed
826 633 992 712 iustitiam,
1023 634 1082 700 boc
1103 636 1150 701 est
1172 634 1236 699 uti

81 741 236 806 ectuslem
258 737 480 821 perfectionem
502 736 646 819 operibus
674 737 817 803 iustitiae
845 754 1063 821 propagemus,
1098 738 1208 803 deiude

79 842 226 909 metenda
258 839 348 907 uobis
376 844 425 907 est
458 858 529 921 epee
557 842 650 915 uitae,
684 839 717 905 id
746 842 795 906 est
825 840 982 907 uirtutum
1016 840 1207 924 spiritalium

79 948 199 1011 fructus
223 944 402 1028 expulsione
423 942 573 1008 uItiorum
596 943 768 1009 cernelium
790 944 1013 1027 congregandi:
1037 949 1068 1009 et
1091 945 1136 1009 ite
1158 946 1206 1009 in-

59 1051 234 1116 slrnuinere
267 1046 359 1113 nobie
391 1047 498 1112 lumen
532 1046 680 1114 scientiae
713 1050 894 1128 poterimus.
939 1066 1030 1131 quem
1067 1048 1207 1115 ordinem

77 1154 174 1218 etism
206 1151 466 1236 psnlmegrapnus
499 1152 600 1215 teneri
632 1154 742 1217 debere
775 1152 914 1217 decernit
941 1152 1063 1218 dicens:
1097 1152 1206 1217 beati

76 1256 325 1322 inmaculati
353 1256 391 1319 in
418 1256 504 1321 uie:
533 1255 600 1338 qui
627 1253 837 1320 ambulant
865 1257 905 1321 in
933 1256 1021 1337 lege
1042 1256 1204 1321 domini.

75 1360 200 1437 besti,
225 1360 290 1441 qui
312 1359 543 1424 scrutentur
565 1358 803 1423 testimonie
825 1358 919 1424 eius.
944 1375 1004 1423 nou
1020 1358 1104 1424 euim
1119 1358 1205 1441 prius

76 1464 171 1528 diuite
194 1462 320 1541 besti,
343 1462 409 1545 qui
430 1463 663 1528 scrutentur
684 1462 923 1529 testimonie
945 1464 1027 1527 eius
1051 1463 1205 1543 etpostee

46 1568 202 1633 sirenue:
226 1565 334 1632 besti
354 1564 597 1631 inmaculati
618 1566 657 1630 in
679 1565 759 1643 uis,
783 1566 838 1631 sed
853 1565 941 1648 prius
955 1564 1072 1649 inquit:
1095 1566 1204 1631 besti

74 1670 313 1736 inmaculati
335 1669 477 1746 inuis,
500 1688 558 1751 per
584 1669 643 1735 hoc
670 1669 832 1735 euidenter
855 1671 1022 1737 osteudens
1045 1672 1204 1736 nemiuem

74 1778 158 1841 recte
191 1790 284 1856 posse
316 1773 356 1838 ed
389 1772 614 1856 perscrutando
641 1772 692 1838 dei
719 1773 903 1839 testimonie
934 1774 1107 1857 peruenire,
1141 1773 1204 1837 nisi

74 1879 161 1960 prius
182 1896 239 1961 per
262 1877 416 1942 ectuelem
436 1876 703 1942 conpensationem
724 1877 758 1941 in
780 1877 834 1942 uis
855 1874 971 1942 (lhrIsti
993 1877 1203 1943 inmaculatus

73 1982 212 2046 incedet.
257 1980 291 2044 lui
327 1996 399 2061 ergo
435 1997 513 2062 quos
549 1979 673 2045 dixistis
706 1996 770 2044 non
802 1980 895 2045 istem
932 1997 1028 2063 quem
1060 1978 1235 2048 inmundi4

44 2084 189 2149 chelm
218 2100 280 2148 uon
308 2084 448 2166 possunt,
477 2082 533 2147 sed
562 2074 783 2167 ψευδώνυμον,
813 2082 873 2148 hoc
901 2086 951 2147 est
972 2082 1045 2147 selei
1067 2083 1203 2149 nominis

73 2188 237 2253 scientiam
280 2188 449 2270 possident,
484 2186 523 2251 de
559 2204 621 2269 quc
658 2186 768 2252 beatus
805 2186 974 2271 apostolus,
1012 2202 1048 2264 o,
1088 2184 1201 2267 inquit,

74 2288 300 2365 Timotheo,
332 2289 562 2373 depositum
594 2289 767 2371 custodi,
802 2290 985 2355 deuitsue
1018 2289 1202 2371 profanes

73 2410 211 2459 uocum
255 2393 461 2459 nouitatee
499 2396 539 2458 et
575 2393 850 2477 obpositiones
894 2392 994 2458 falsi
1029 2392 1201 2457 nominis

75 2497 286 2579 scientiae,
329 2495 412 2578 quod
450 2496 483 2560 in
520 2494 636 2561 Greeco
676 2496 791 2561 dicitur
826 2493 887 2573 τὰς
923 2488 1109 2573 ἀντιθέσεις
1144 2495 1201 2579 τῆς

46 2593 288 2684 eupompus
316 2591 471 2684 γνώσεως.
505 2600 545 2665 de
571 2601 640 2666 istis
667 2618 741 2686 ergo
769 2603 823 2684 qui
851 2604 1018 2686 imaginem
1046 2603 1201 2686 quendem

74 2705 225 2770 edentise
251 2703 400 2768 uidentur
427 2702 599 2786 ndquirere
629 2703 747 2770 uelde
775 2705 824 2770 his
855 2707 908 2789 qui
937 2723 1010 2771 cum
1042 2722 1200 2770 sectorum

74 2807 272 2873 uoluminum
315 2807 445 2871 lectioni
481 2823 519 2871 ec
553 2809 721 2872 memoriae
764 2807 989 2890 scripturorum
1034 2807 1200 2892 diligenter

74 2910 232 2984 insistunt,
260 2909 400 2974 melio
426 2912 532 2975 temen
562 2911 642 2976 uitia
662 2930 724 2978 non
746 2911 941 2994 relinquunt,
964 2913 998 2977 iu
1019 2909 1199 2978 Prouerbiis

74 3015 235 3098 eleganter
263 3013 467 3096 exprimitur:
499 3013 604 3079 sicut
631 3015 784 3080 iusuris
818 3033 936 3080 sures
964 3014 1003 3079 in
1031 3015 1200 3082 neribus

46 3117 171 3195 esuis,
201 3115 258 3182 ite
286 3115 449 3181 mulieri
478 3116 584 3182 mele
611 3121 791 3184 moretse
818 3120 979 3202 species.
1016 3120 1092 3202 quid
1115 3122 1229 3193 euim5

72 3221 198 3302 prodest
224 3221 402 3303 quempiam
424 3223 643 3287 oruamentum
659 3222 853 3305 eloquiorum
868 3223 1048 3288 ceeleetmm
1063 3225 1095 3287 et
1110 3222 1199 3289 illem

71 3323 331 3404 pretiosissimum
360 3323 589 3406 scripturorum
617 3326 753 3406 speciem
783 3325 939 3409 consequi,
967 3325 994 3390 si
1023 3345 1092 3391 sum
1114 3326 1198 3392 lutu-

72 3425 166 3492 lentis
188 3425 335 3509 operiens
357 3426 409 3491 uel
431 3426 574 3492 sensibus
600 3428 789 3494 inhaerendo
812 3429 902 3512 qussi
923 3428 1197 3500 inmundissimem

172 3635 247 3691 ore.
261 3636 320 3703 118,
334 3637 402 3693 1-2
489 3638 630 3694 loluim.
643 3638 715 3705 1120
800 3639 923 3695 24Prov.
937 3641 977 3705 11,
990 3639 1024 3695 22
1037 3641 1131 3708 (Lxx)

119 3829 137 3884 6
154 3829 351 3900 psslmogrulus
368 3833 405 3883 Σ·
424 3832 643 3902 psalmigraphus
661 3837 686 3886 ‘l'
788 3835 821 3889 10
839 3833 911 3892 besti
928 3836 1019 3904 iuquit
1036 3837 1142 3907 (inquid
1160 3839 1195 3906 0)

69 3914 128 3968 ΠΟ
226 3917 259 3972 13
276 3917 352 3986 prius
368 3917 470 3973 sctueli
488 3919 687 3974 counersetione
706 3922 731 3972 Y
825 3923 860 3976 14
879 3921 920 3977 hii
937 3923 1000 3974 ΣΠ
1095 3924 1195 3978 histem

68 4017 107 4068 11¹
213 4019 247 4073 ns
266 4019 475 4089 segonum
496 4020 527 4073 11
554 4008 777 4094 uouemus
799 4025 824 4076 o
930 4025 963 4080 ne
984 4026 1079 4097 unque
1102 4027 1127 4080 o

70 4103 104 4156 18
114 4104 371 4175 oppositionem
459 4107 684 4166 2ΟΓιτωσεωεΣ
709 4111 892 4166 lsoocesuoll
982 4113 1195 4183 osclumeecesc

72 4220 102 4259 re
118 4192 282 4279 minoi}
292 4191 429 4277 §mcccc
442 4213 468 4264 I·
548 4213 792 4280 corruptissimo
876 4214 910 4269 23
922 4215 1056 4271 relincunt
1067 4217 1126 4271 ΣΟ

71 4290 104 4345 21
120 4293 254 4361 eliganter
269 4295 301 4346 ll
401 4295 437 4351 25
456 4298 579 4352 mulieris
595 4299 622 4350 Ῥ
720 4299 756 4354 26
777 4301 899 4370 prodeest
915 4302 942 4355 0
1043 4306 1194 4376 quempiam

73 4391 120 4431 ors
137 4378 166 4430 Σ
269 4385 426 4436 enemente
442 4387 468 4436 Τ
567 4385 602 4439 II
619 4385 712 4441 scribi.
729 4389 755 4440 I·
1162 4377 1164 4384 ’

1034 4493 1090 4548 27·
