3009 5200
503 424 665 482 ConlatIo
686 425 759 481 ΧΠ

587 1122 683 1207 XVI.

133 1360 401 1462 uouunulo
440 1360 676 1459 ABBATIS
715 1360 914 1459 losuPH
951 1362 1134 1461 PRIMA.

468 1582 529 1649 DI}
553 1580 805 1651 AMICITIA.

512 1803 760 1889 unuluvun.

62 2006 74 2046 c
204 1978 230 2043 Ι.
254 1976 334 2058 Quid
357 1996 377 2043 a
399 1978 487 2043 nobis
508 1975 588 2043 abba
608 1975 720 2059 Ioseph
741 1977 889 2059 primitus
912 1977 1099 2059 inquisierit.

3 2067 4 2070 ¹
186 2080 230 2145 II.
252 2080 429 2164 Disputatio
445 2082 582 2146 eiusdem
597 2081 679 2145 senis
694 2080 732 2144 (Ie
747 2078 839 2144 infido
852 2078 1064 2146 amicitiarum
1076 2099 1198 2165 genere.

169 2183 232 2251 III.
255 2183 343 2249 Vnde
362 2182 589 2250 indissolubilis
611 2183 760 2249 amicitia.

151 2285 228 2350 IIII.
253 2284 469 2369 iuterrogatio,
492 2288 601 2350 utrum
622 2285 701 2350 utile
723 2284 841 2369 aliquid
857 2286 952 2350 ctiam
968 2286 1076 2351 eontra
1089 2289 1199 2351 uotum

2 2433 4 2470 r
257 2387 361 2453 fratris
382 2388 465 2454 effici
486 2388 606 2455 debeat.

54 2518 76 2558 ¹⁰
190 2490 230 2555 V·
253 2489 432 2574 Responsio,
462 2491 544 2572 q¹10d
573 2491 723 2573 perpetua
753 2490 894 2555 amicitia
924 2489 985 2555 nisi
1013 2489 1098 2554 inter
1128 2508 1199 2571 per·

257 2593 355 2660 tectos
377 2596 460 2660 stare
488 2612 551 2659 non
571 2592 679 2678 possit.

177 2699 233 2766 VI.
257 2698 378 2780 Quibus
406 2698 508 2765 modis
537 2697 730 2764 iuuiolabilis
759 2697 860 2779 possit
886 2697 1018 2762 societas
1040 2698 1200 2764 retentari.

161 2801 234 2867 VII.
258 2798 347 2880 Quod
370 2799 450 2866 nihil
473 2800 599 2867 caritati
624 2800 873 2883 praeponendum
895 2797 939 2863 sit
953 2817 1009 2865 nec
1024 2799 1201 2864 iracundiae

258 2904 514 2986 postponendum.

55 3030 77 3071 u
142 3005 234 3072 vm.
258 3004 377 3086 Quibus
406 3007 445 3072 de
468 3004 571 3072 muris
592 3005 674 3071 inter
696 3003 852 3088 optritales
875 3003 1020 3070 nascatur
1041 3003 1202 3070 dissensio.

126 3109 233 3176 VIIII.
256 3109 302 3174 De
317 3109 518 3191 amputandis
533 3108 628 3174 etiam
643 3107 838 3191 spiritalibus
850 3106 951 3172 causis
964 3105 1201 3174 discordiarum.

196 3211 235 3277 X
258 3213 305 3278 De
327 3213 445 3295 optimo
468 3214 606 3279 examine
628 3211 782 3279 ueritatis.

179 3317 236 3382 XI.
260 3315 349 3397 Quod
378 3316 561 3400 inpossibile
590 3316 634 3381 sit
661 3334 860 3399 quemquam,
895 3316 948 3397 qui
980 3313 1103 3396 proprio
1132 3312 1203 3378 fidit

259 3419 386 3504 iudicio,
414 3417 530 3486 diaboli
551 3418 705 3484 inlusione
729 3438 791 3484 non
813 3418 922 3501 decipi.

54 3540 78 3581 a·
165 3521 238 3590 XII.
260 3522 361 3604 Quam
384 3523 421 3587 ob
440 3540 563 3588 causam
578 3541 640 3588 non
655 3521 792 3588 debeant
806 3520 967 3586 insaniores
981 3518 1014 3584 in
1031 3517 1203 3584 conlatione

260 3627 427 3691 contemni.

149 3727 240 3795 XIII.
262 3726 487 3808 Queruntur
510 3746 570 3794 non
592 3728 695 3794 solum
715 3743 765 3792 res
789 3725 848 3808 dei,
872 3724 926 3789 sed
949 3722 1045 3787 etiam
1061 3721 1134 3787 dens
1150 3719 1202 3787 sit

136 4015 253 4072 tabbas
270 4017 313 4070 t‘r
407 4013 567 4084 adquisierit
584 4017 610 4067 τ’
700 4013 829 4082 tinfido]
848 4012 946 4068 intimo
964 4013 989 4064 Τ
1079 4007 1204 4065 ‘tomiti-

85 4102 185 4158 tiarnm
200 4103 291 4157 uirtus
309 4100 479 4172 possideatur
497 4103 523 4153 Y
549 4100 671 4155 amicItia
688 4100 853 4168 possideatur
872 4098 897 4152 0
975 4096 1008 4152 10
1025 4095 1205 4152 amititiarum

86 4187 170 4244 nou·
194 4189 222 4239 Ψ
322 4186 355 4241 15
377 4185 510 4255 spiritalis
531 4185 572 4237 Πι
602 4185 753 4255 spiritalem
777 4184 897 4240 nascitur
920 4185 946 4236 Y
1046 4181 1079 4236 17
1102 4179 1205 4236 obtimo

88 4273 140 4326 Po
228 4272 472 4328 lamentatorem
555 4271 590 4326 20
607 4271 640 4326 ob
654 4288 733 4341 qnam
752 4274 778 4324 Y
860 4271 893 4325 21
912 4268 1063 4338 contempni
1080 4267 1140 4320 uu

87 4357 121 4411 22
137 4357 192 4428 dar]
209 4357 252 4412 dei
269 4359 311 4411 ast
328 4360 354 4411 Y
