3009 5200
464 448 622 505 Oculatis
641 448 736 515 XIIII,
755 449 830 505 7-8.
1147 455 1212 521 405

87 644 128 705 et
147 638 278 705 seruit
307 656 393 705 curn
422 636 532 705 iiliis
561 638 656 704 suis.
694 657 834 725 anagoge
857 658 932 706 uero
955 638 993 705 de
1015 641 1241 726 spiritalibus3

85 744 246 827 mysteriis
267 744 306 809 ad
321 740 506 808 sublimiora
520 744 672 824 quasdam
688 741 721 806 et
734 742 905 807 sacratiora
920 744 1075 809 caelorum
1092 750 1211 811 secreta

84 844 295 911 conscendens
310 845 350 910 ah
369 844 507 927 apostolo
528 844 575 909 ita
595 844 765 909 subicitur:
789 861 884 927 quae
907 848 1036 912 autem
1057 866 1210 913 sursum

84 950 146 1015 est
166 948 420 1014 Hierusalem
448 948 576 1014 libera
601 954 679 1029 est,
708 966 805 1031 quae
828 951 889 1015 est
911 948 1036 1016 mater
1058 954 1209 1017 nostra.

63 1052 280 1135 ascriptum
302 1052 362 1116 est
383 1048 499 1115 enims
522 1050 678 1116 laetare
700 1050 860 1117 sterilis
879 1068 977 1133 quae
994 1070 1067 1119 non
1084 1054 1209 1135 paris,

84 1174 246 1237 erumpe
282 1157 321 1219 et
357 1151 484 1219 clama
520 1170 623 1235 quas
665 1172 740 1218 uon
784 1154 982 1237 parturis,
1027 1156 1209 1238 quoniam

83 1258 203 1323 multi
233 1256 319 1323 lilii
350 1257 537 1321 desertae
565 1256 689 1338 magis
719 1274 833 1338 quarn
860 1254 946 1323 eius
969 1256 1068 1339 quae
1088 1257 1210 1323 habet

83 1362 231 1426 uirum.
270 1358 445 1441 tropologia
474 1360 522 1422 est
543 1357 671 1423 moralis
695 1357 872 1441 explanatio
894 1359 934 1424 ad
957 1360 1210 1426 emundationem

81 1464 171 1529 uitae
193 1466 225 1527 et
247 1461 481 1527 instructionem
503 1462 662 1543 pertinens
676 1462 841 1539 actualem,
864 1462 952 1529 uolut
967 1460 994 1527 si
1010 1462 1086 1529 haec
1101 1463 1209 1530 eadem

49 1566 145 1632 oduo
168 1565 358 1631 testamenta
383 1563 608 1647 intellegamus
630 1557 812 1650 πρακτικὴν
835 1567 866 1629 et
887 1564 1092 1631 theoreticam
1115 1565 1208 1632 disci-

81 1668 217 1752 plinam,
247 1668 297 1733 uel
327 1670 410 1733 certe
440 1667 467 1731 si
490 1668 688 1733 Hierusalem
717 1670 772 1733 aut
802 1666 872 1733 Sion
905 1668 1044 1735 animam
1074 1670 1210 1735 hominis

81 1772 220 1837 uelimus
243 1770 382 1853 aoeiporo
403 1771 573 1835 secuudum
595 1768 690 1836 illud:
720 1770 838 1837 lauda
858 1770 1117 1837 Hierusalem
1148 1770 1209 1839 do·

81 1875 253 1939 minum:
289 1875 414 1939 lauda
451 1872 564 1937 deum
600 1873 713 1937 tuum
748 1872 854 1939 Sion.
901 1874 998 1958 igitur
1031 1876 1240 1958 praedictaet

82 1980 234 2059 quattuor
255 1976 374 2059 figurae
398 1976 550 2041 inunum
573 1977 629 2059 ita,
659 1978 686 2041 si
708 1976 864 2059 uolumus,
887 1976 1057 2059 confluunt,
1088 1979 1125 2045 ut
1146 1996 1210 2044 una

51 2084 181 2162 eatque
201 2082 307 2145 eadem
324 2078 521 2144 Hierusalem
536 2079 725 2161 quadrifarie
740 2079 838 2162 possit
852 2078 1013 2165 intellegi:
1038 2081 1209 2146 seeundum

81 2182 252 2247 historiam
285 2181 397 2247 ciuitas
428 2182 624 2259 Iudaeorum,
660 2184 829 2247 seeundum
863 2182 1047 2267 allegoriam
1081 2183 1208 2248 eeclesia

83 2284 216 2368 chtisti,
245 2285 417 2349 secuudum
446 2301 608 2369 anagogen
640 2284 752 2350 ciuitas
774 2285 823 2350 dei
846 2285 904 2349 illa
927 2284 1080 2365 caelestis,
1111 2302 1208 2369 quae

82 2390 146 2453 est
168 2389 296 2453 mater
317 2386 487 2453 omnium
510 2391 705 2462 nostrum,
729 2387 900 2453 seeundum
920 2388 1125 2470 tropologiam
1140 2388 1209 2453 aui·

81 2510 135 2557 ma
160 2490 306 2569 hominis,
335 2507 415 2572 quae
444 2489 620 2574 frequenter
642 2489 702 2554 hoc
723 2490 848 2555 nomine
870 2493 926 2555 aut
954 2490 1131 2571 increpatur
1154 2494 1210 2555 aut

50 2594 235 2661 claudatur
256 2613 275 2659 a
296 2594 430 2660 domino.
467 2592 581 2658 dehis
610 2592 761 2674 quattuor
790 2591 1084 2673 interpretationum
1114 2611 1207 2676 geue-

81 2698 172 2764 rihus
195 2697 306 2761 beatus
328 2697 485 2778 apostolus
507 2696 555 2760 ita
577 2695 671 2760 dicit:
693 2714 794 2761 nuuc
816 2698 962 2774 autem,
986 2695 1148 2771 iratres,
1174 2699 1209 2762 ai

81 2817 226 2865 uenero
249 2799 295 2864 ad
317 2816 384 2864 uos
406 2796 559 2878 linguis
581 2798 758 2880 loquens,
782 2797 1005 2879 quidnobis
1026 2797 1208 2880 prodero,

82 2903 164 2967 uisi
186 2902 298 2968 uobis
320 2902 456 2982 loquar
477 2904 544 2966 aut
565 2901 602 2965 iu
624 2899 869 2965 reuelatioue
889 2902 957 2965 aut
978 2901 1014 2965 in
1037 2901 1208 2967 scientia

82 3007 153 3071 aut
172 3006 212 3069 iu
234 3004 444 3089 prophetia
465 3004 533 3068 aut
554 3005 593 3068 in
615 3003 823 3069 doctrina?
845 3003 995 3068 reuelatio
1014 3021 1146 3086 namque
1168 3003 1239 3071 add

50 3108 266 3190 eallegoriam
289 3107 436 3189 pertinet,
458 3123 515 3187 per
537 3123 632 3188 quam
648 3123 778 3188 eaquae
799 3105 881 3189 tegit
903 3105 1052 3172 historica
1069 3107 1208 3172 namatio

81 3210 222 3295 spiritali
251 3228 345 3275 seusu
375 3214 407 3275 et
436 3207 625 3290 expositione
653 3210 849 3272 reseruntur:
883 3210 920 3273 ut
946 3208 1037 3274 uerbi
1057 3209 1159 3292 gratia
1181 3209 1209 3276 si

81 3313 165 3380 illud
181 3314 299 3396 aperire
314 3315 515 3394 temptemus,
538 3310 800 3392 quemadmodum
822 3310 959 3394 patres
981 3311 1112 3376 nostri
1134 3329 1208 3376 om-

82 3435 150 3482 nes
173 3413 245 3480 sub
267 3413 369 3480 nube
391 3413 560 3491 fuerint,
584 3415 622 3477 et
645 3431 775 3478 omnes
798 3412 837 3476 iu
859 3411 984 3496 Moysi
1007 3411 1208 3498 baptisati

186 3599 428 3656 meme
544 3599 796 3665 mmmm
909 3598 1139 3666 smum

80 3685 321 3751 mmmm
423 3685 717 3752 mmmm

131 3853 150 3913 '1
177 3871 319 3926 anagogen
347 3857 406 3910 ΣΟ
519 3857 536 3910 2
563 3856 693 3931 misteriis
719 3855 780 3906 ΠΟ
894 3855 911 3909 5
937 3853 1043 3908 storelis
1069 3853 1140 3906 11¹0

81 3947 98 4000 6
121 3945 249 4016 quoniam
270 3944 341 3996 ΣΟι
371 3942 435 4013 quia
455 3943 533 3998 H‘I'e
550 3948 577 3997 et
599 3942 680 4012 Vulp-
788 3939 805 3994 8
831 3938 1037 3994 aemulationem
1065 3941 1093 3990 Σ
1121 3953 1208 3992 ameu-

80 4032 221 4086 dationem
238 4030 313 4084 YOc
415 4029 448 4083 10
464 4025 609 4082 theoricam
627 4028 653 4081 0
757 4025 790 4080 15
807 4024 1002 4094 quadrifariam
1019 4025 1070 4079 IIc
1099 4021 1209 4093 quadri·

82 4118 152 4172 faria
177 4117 202 4169 0
305 4115 339 4169 16
361 4114 498 4167 ecclesiam
522 4115 550 4165 Σ
654 4113 687 4168 18
709 4113 862 4166 nostrorum
880 4110 940 4162 110
1042 4109 1076 4164 20
1093 4111 1208 4179 quatuor

81 4204 108 4253 ‘l‘
208 4201 244 4255 23
259 4201 289 4253 iu
307 4200 613 4254 mosomensem
712 4199 748 4252 24
770 4197 837 4267 proi.
854 4197 884 4248 II
983 4195 1019 4250 25
1035 4195 1116 4265 tegit]
1135 4195 1208 4265 gerit

82 4288 112 4338 Σ
214 4286 247 4340 nt
262 4287 406 4339 temtemus
424 4283 505 4352 Σ(Ο)
607 4284 643 4338 28
663 4283 774 4338 luerunt
791 4282 876 4334 nro
979 4285 1007 4335 et
1025 4282 1053 4336 iu
1070 4295 1161 4335 omues
1180 4283 1207 4334 iu

82 4375 111 4424 Σ
212 4387 288 4441 musy
305 4373 334 4423 Σ
360 4385 451 4440 moyse
468 4370 494 4421 ‘l'
519 4368 672 4440 moysenO
