3009 5200
519 429 677 485 Conlatio
701 427 739 491 11,
758 427 834 481 2-4.
1194 422 1237 490 43

93 617 243 700 imperii.
285 634 347 700 qun
375 584 617 682 consideratione
644 613 786 680 mollitus
817 617 892 680 dum
926 613 1048 678 mauult
1077 616 1235 678 cruentam

94 719 278 786 uictoriam
307 719 475 785 clementia
503 721 684 801 temperare,
712 717 750 781 ob
774 715 972 781 indiscretam
994 715 1236 781 misericordiam

96 822 191 887 uelut
232 823 304 888 toto
342 839 468 905 corpore
504 821 643 887 redditus
681 819 863 884 tenebrosus
899 817 1103 884 inreuocabili
1135 821 1234 882 morte

97 925 290 990 damnatur.

82 1067 93 1105 ι
140 1045 229 1111 ΠΙΙ.
261 1043 351 1110 Haec
373 1048 420 1110 est
443 1042 598 1118 discretio,
628 1059 706 1124 quae
733 1057 793 1106 uou
816 1040 918 1106 solum
940 1041 1068 1107 lucerna
1089 1039 1233 1122 corporis,

101 1147 155 1212 sed
191 1149 296 1214 etiam
323 1149 369 1213 sol
396 1147 435 1212 ab
464 1145 601 1228 apostolo
630 1145 829 1226 nuncupatur
859 1144 1030 1209 secundum
1051 1144 1146 1208 illud:
1169 1142 1234 1206 sol

102 1270 179 1316 unu
210 1251 373 1316 occidat
399 1268 519 1332 super
546 1244 791 1313 iracundiam
818 1247 1001 1312 uestiam.
1039 1246 1115 1311 haec
1138 1246 1234 1311 etiam

104 1354 192 1418 uitae
215 1357 347 1419 nostrae
363 1353 476 1418 dicitur
491 1349 675 1434 gubernatio
691 1352 859 1415 secundum
874 1349 968 1414 illud:
992 1348 1138 1431 quibus
1161 1365 1236 1413 non

108 1461 167 1520 est
183 1455 443 1538 gubernatio,
459 1454 602 1519 cedunt
617 1454 659 1517 nt
675 1452 782 1517 solia.
806 1449 1235 1518 baecconsiliumrectissime

78 1559 301 1634 nuominatnn
325 1561 390 1623 eine
413 1575 472 1640 quo
495 1557 574 1621 nihil
596 1574 687 1638 agere
709 1555 834 1620 omnino
858 1556 1028 1636 scripturae
1047 1553 1234 1620 auctoritate

107 1661 335 1744 permittimur,
364 1661 408 1724 ita
433 1661 471 1724 ut
493 1679 531 1724 ne
552 1660 656 1742 ipsum
679 1658 805 1741 quidem
827 1657 969 1742 spiritale
993 1657 1111 1736 uinum,
1135 1655 1235 1739 quod

107 1763 320 1829 laetificat
348 1781 412 1828 cor
442 1763 629 1840 hominib,
655 1763 723 1826 sine
744 1763 843 1844 ipsius
865 1765 1003 1826 sinamur
1023 1759 1233 1825 moderatione

108 1869 267 1950 percipere
290 1868 459 1932 secundum
481 1864 577 1928 illud:
604 1883 685 1932 cum
708 1865 875 1929 consilio
897 1863 1026 1929 omnia
1048 1864 1128 1943 fac,
1151 1881 1235 1927 cum

109 1969 285 2034 consilio
313 1968 444 2032 uiuum
471 1966 579 2043 bibe,
608 1969 640 2031 et
660 1969 790 2032 iterum:
812 1967 916 2032 sicut
937 1966 1088 2030 ciuitas
1109 1964 1234 2029 muris

81 2071 247 2136 ndiruta
269 2073 309 2135 et
330 2088 402 2134 uon
434 2069 696 2153 circumdata,
723 2070 779 2135 sic
801 2072 862 2134 est
883 2071 944 2135 uir
965 2069 1030 2152 qui
1053 2087 1129 2134 uon
1150 2086 1235 2132 cum

111 2173 286 2238 consilio
308 2172 463 2255 aliquid
486 2172 579 2254 agit.
618 2171 705 2237 cuiue
727 2174 860 2253 priuatio
883 2190 976 2255 quam
999 2171 1171 2252 perniciosa
1190 2170 1263 2243 sit2

111 2275 272 2354 monacho,
297 2275 471 2340 testimonii
485 2275 578 2339 huius
593 2274 769 2356 exemplum
784 2294 821 2340 ac
835 2275 936 2358 figura
950 2275 1096 2353 declarat,
1113 2274 1233 2338 dirutae

110 2397 181 2442 eum
202 2396 241 2443 uo
261 2379 329 2443 sine
350 2377 449 2441 muris
471 2393 652 2459 comparans
668 2376 801 2441 ciuitati.
825 2380 858 2442 in
872 2378 931 2442 hac
946 2376 1109 2459 sapientia,
1131 2379 1163 2441 in
1178 2377 1235 2441 hac

111 2481 293 2546 intellectus
315 2497 482 2561 sensusque
504 2479 655 2560 consistit,
678 2481 744 2544 sine
766 2480 879 2562 quibus
902 2499 958 2545 nec
979 2479 1111 2545 interior
1129 2484 1235 2543 nostra

81 2583 268 2653 ambitouti
303 2586 410 2649 domus
444 2602 500 2648 nec
528 2583 684 2664 spiritales
717 2585 865 2665 poterunt
892 2582 1024 2649 diuitiae
1053 2582 1234 2665 congregari

111 2690 283 2753 secundum
305 2687 402 2751 illud:
431 2704 515 2751 cum
539 2687 738 2768 sapientia
759 2686 1002 2752 aedificatur
1023 2687 1173 2764 domus,
1196 2690 1234 2750 et

111 2808 197 2855 cum
223 2789 441 2854 intellectu
463 2790 608 2853 iterum
630 2788 820 2871 erigitur:
844 2806 926 2854 cum
949 2788 1233 2871 sensuinplen-

111 2898 174 2957 tur
210 2892 379 2957 cellaria
412 2892 587 2956 omuibus
619 2892 786 2957 diuitiis
813 2892 1006 2975 pretiosis
1034 2894 1074 2957 et
1110 2891 1232 2956 bonis.

110 2995 197 3073 baec,
225 2996 364 3077 inquam,
396 2993 444 3059 est
470 2994 587 3059 solidus
616 2994 713 3071 cibus,
742 2998 795 3079 qni
816 2995 879 3061 nisi
901 3014 920 3060 a
940 2996 1086 3079 perfectis
1107 2999 1263 3063 tantum3

80 3116 147 3165 sac
175 3098 316 3163 robustis
346 3114 407 3162 non
434 3098 536 3180 potest
557 3099 640 3161 sumi
661 3098 829 3163 secundum
851 3100 948 3164 illud:
971 3098 1234 3182 perfectorum

110 3202 239 3264 autem
269 3200 328 3263 est
355 3200 507 3265 solidus
538 3201 665 3284 cibus,
696 3219 824 3267 eorum
847 3202 911 3285 qui
933 3220 1000 3285 pro
1023 3207 1233 3268 consuetu·

112 3304 200 3367 dine
236 3302 481 3367 exercitatos
514 3303 659 3367 habent
696 3322 835 3370 seusus
868 3307 912 3371 od
946 3306 1232 3371 discretionem

112 3406 201 3469 boni
230 3406 269 3469 et
296 3404 398 3468 mali.
436 3404 576 3485 quaein
610 3406 734 3469 tautum
767 3406 855 3471 utilis
882 3407 971 3474 uobis
999 3426 1034 3474 ac
1060 3409 1233 3474 necessaria

113 3506 329 3589 conprobatur,
352 3507 389 3570 ut
410 3506 505 3572 etiam
535 3506 630 3573 uerbo
656 3508 707 3574 dei
728 3508 855 3593 eiusque
878 3509 1051 3576 uirtutibus
1072 3513 1232 3593 coaptetur

83 3611 282 3675 seecundum
312 3606 405 3673 iilud:
438 3610 550 3674 uinus
580 3612 639 3675 est
662 3612 766 3677 euim
794 3631 919 3677 sermo
941 3614 1003 3678 dei
1026 3615 1064 3677 et
1085 3613 1232 3680 efficax

213 3766 315 3836 enen.
333 3768 359 3833 4,
377 3767 411 3821 nc
507 3768 619 3824 error.
638 3770 679 3837 11,
698 3771 843 3841 ιιιιιιι)
941 3774 972 3829 11
991 3773 1035 3828 es.
1055 3772 1113 3841 ιιι,
1133 3776 1165 3829 15

116 3852 146 3905 ιι
162 3852 240 3906 rm.
257 3853 300 3919 31,
317 3852 441 3919 arnan>
533 3854 565 3909 14
582 3854 658 3909 prov.
676 3855 717 3919 ns,
737 3856 875 3926 uernum
964 3858 996 3912 ιι
1016 3858 1094 3913 prov.
1112 3860 1153 3925 ιι,
1165 3861 1234 3915 3-4

115 3935 207 4005 (ιιι)
308 3938 343 3992 es
361 3938 443 3993 seer.
461 3939 485 4007 5,
505 3938 538 3994 14
639 3941 674 3995 eo
690 3940 771 3995 neor.
788 3942 813 4010 4,
831 3942 865 3997 ιι

167 4084 179 4135 l
203 4084 321 4138 maaunlt
342 4083 372 4138 D
477 4084 511 4139 10
532 4087 635 4140 omnini
657 4088 696 4141 D¹
801 4090 833 4143 16
857 4088 955 4157 aliquit
971 4089 1001 4143 D
1103 4090 1138 4145 20
1154 4092 1232 4161 spiri-

117 4167 179 4220 talis
200 4168 246 4225 14⁷¹
348 4168 384 4223 24
408 4168 489 4238 cybus
511 4171 541 4224 D
576 4162 646 4227 cibis
667 4174 706 4229 W
805 4174 839 4227 26
857 4174 939 4243 cybus
956 4174 986 4229 D
1087 4175 1120 4229 nt
1143 4192 1232 4231 senece

117 4252 154 4306 D¹
239 4254 274 4309 28
291 4255 320 4309 et
338 4253 405 4309 mali
422 4254 466 4309 D:
492 4272 522 4310 ac
540 4258 605 4311 meli
620 4258 687 4313 WX
697 4263 723 4312 et
737 4258 815 4329 Votp.
906 4260 940 4313 29
957 4262 1117 4328 qnoaptetur
1133 4262 1164 4315 D

117 4338 149 4392 30
164 4330 232 4397 uitur
249 4340 281 4395 D
387 4338 430 4393 dei
446 4356 530 4395 sermo
548 4340 648 4399 er:
666 4344 701 4405 cf.
726 4344 789 4411 VII,
807 4349 850 4413 13,
869 4348 895 4399 3.
913 4345 986 4409 ΧΠ,
1005 4350 1025 4400 8
