3009 5200
497 427 661 485 Conletio
684 430 742 499 XX,
761 432 871 488 11-12.
1184 435 1248 503 569

121 617 320 701 obliuionem,
342 619 398 684 ent
418 638 474 703 per
496 620 728 705 cogitationem,
755 622 810 687 eut
833 638 888 704 per
909 639 1093 701 sermonem,
1115 626 1171 689 eut
1192 642 1247 706 per

119 720 345 804 obreptionem,
367 729 423 788 eut
444 742 500 806 per
522 723 750 802 nocuitatem,
774 726 830 789 ont
852 743 906 809 per
921 725 1127 809 fragilitatem
1145 725 1247 793 cernis

119 826 153 888 et
182 822 296 889 somnii
324 824 532 910 pollutionem
554 826 687 911 singulis
712 828 822 893 diebus
844 828 897 893 uel
918 828 1012 895 inuiti
1033 829 1086 895 nel
1107 831 1247 897 uolentes

120 926 297 1011 frequenter
325 929 523 1008 incurrimus,
552 949 608 1013 pro
638 930 751 1013 quibus
774 934 807 997 et
834 930 937 997 Denid
965 950 1055 999 omne
1084 932 1247 998 domiuum

97 1028 368 1114 epurifiostionem
390 1035 485 1115 etque
497 1032 730 1118 indulgentium
745 1035 929 1117 deprecetur
944 1034 1067 1101 dieens:
1093 1034 1248 1101 delicte

120 1134 210 1217 puis
238 1135 475 1220 intellegit?
504 1138 552 1202 ob
574 1136 746 1203 occultis
768 1137 864 1203 meis
886 1139 1025 1204 munde
1046 1159 1116 1205 me:
1143 1141 1181 1204 et
1203 1140 1247 1205 ub

120 1238 267 1303 olienis
289 1256 403 1323 perce
425 1256 537 1305 seruo
559 1243 641 1314 tuo,
664 1245 695 1304 et
718 1241 894 1322 spostolus:
924 1259 998 1306 non
1021 1242 1126 1306 enim
1148 1244 1247 1325 quod

120 1341 211 1408 uolo
240 1342 345 1408 focio
375 1342 530 1420 bonum,
561 1344 629 1408 sed
651 1344 751 1426 quod
774 1344 862 1410 nolo
884 1344 1043 1423 mulum,
1066 1342 1137 1410 hoo
1157 1362 1246 1427 ago,

121 1450 153 1510 et
174 1462 230 1527 pro
252 1445 364 1527 quihus
392 1446 475 1511 idem
496 1446 592 1513 otium
606 1446 749 1513 heiulans
765 1446 989 1531 proclamenit:
1012 1446 1158 1513 infelix
1180 1466 1246 1533 ego

85 1547 249 1613 seluemo:
271 1550 360 1633 quis
382 1568 439 1614 me
461 1549 660 1616 liberabit
681 1550 727 1615 de
748 1567 911 1633 corpore
939 1551 1086 1615 mortis
1107 1550 1247 1615 huiusi

121 1652 214 1716 teuto
235 1652 319 1717 enim
340 1653 375 1718 in
396 1652 446 1718 hie
461 1650 616 1718 fecilitete
629 1656 794 1735 tumquum
810 1652 947 1719 notursli
962 1653 1031 1737 lege
1045 1652 1275 1737 prolehimm‚3

120 1758 167 1832 ut,
189 1755 388 1837 quentelibet
409 1754 685 1839 circumspectione
703 1757 797 1837 etque
819 1756 961 1821 custodie
983 1756 1163 1832 caneertur,
1185 1773 1246 1821 non

120 1858 245 1939 possint
275 1859 314 1923 ed
336 1858 465 1941 plenum
487 1860 549 1924 istu
570 1858 676 1924 uiteri.
715 1858 752 1923 de
775 1858 846 1924 istis
871 1857 1026 1941 siqnidem
1048 1877 1129 1923 unns
1151 1858 1245 1924 disei-

121 1961 277 2042 pulorum,
300 1980 393 2043 quem
416 1961 567 2047 diligebet
588 1962 688 2041 Iesus,
709 1963 844 2045 abrupte
866 1961 1046 2028 definitione
1062 1962 1246 2045 pronuntiet

84 2063 241 2129 edicens:
273 2065 307 2129 si
337 2066 554 2131 dixerimus
582 2064 676 2147 quio
704 2068 909 2149 peccatum
939 2084 1014 2131 non
1040 2065 1244 2142 hebemus,

120 2166 196 2249 ipsi
218 2182 287 2231 nos
309 2168 532 2233 seducimus
556 2170 594 2233 et
615 2169 777 2234 uerbum
799 2169 885 2235 eius
908 2187 980 2235 non
995 2168 1242 2235 estinnobis.

121 2269 251 2353 proinde
282 2270 482 2353 perfectionis
516 2271 638 2337 culmen
670 2272 847 2355 pertingere
876 2272 1015 2357 cupienti
1042 2290 1102 2337 non
1132 2288 1244 2354 mugue

120 2373 261 2455 proderit
290 2376 329 2438 ed
357 2372 452 2439 finem
481 2375 693 2458 poenitentioe
723 2378 910 2462 peruenisse,
933 2374 965 2441 id
987 2378 1035 2441 eet
1056 2376 1095 2441 ub
1116 2374 1243 2439 inlicitis

120 2476 303 2558 temperem,
326 2476 387 2542 nisi
409 2478 506 2543 etium
527 2478 561 2544 in
583 2478 650 2545 illis
672 2477 843 2545 uirtutibus
866 2478 1020 2545 indefesso
1036 2496 1128 2543 cursu
1145 2480 1244 2543 semet

81 2580 223 2663 scipsum
259 2598 380 2665 semper
420 2581 602 2666 extenderit,
642 2582 753 2665 quibus
789 2582 828 2649 ud
870 2581 1090 2648 satisfactionis
1125 2580 1243 2646 indicio

60 2694 64 2702 ·
119 2685 310 2768 peruenitm.
354 2703 412 2750 neo
447 2686 531 2751 enim
567 2704 587 2751 n
618 2686 744 2752 foetidis
782 2685 948 2752 eriminum
987 2683 1128 2751 sordibus
1163 2691 1272 2766 quael

121 2786 266 2853 abhorret
293 2789 438 2854 dominns
465 2806 655 2871 quemquem
684 2789 874 2856 abstinuisse
895 2788 1041 2870 sufficiet,
1063 2786 1123 2854 nisi
1145 2787 1243 2852 etium

118 2890 209 2955 illem
230 2891 344 2957 bonnm
364 2891 522 2956 uirtutum
542 2891 759 2974 frogrmtimn
789 2911 851 2975 qne
884 2891 1026 2958 dominus
1059 2890 1241 2972 delectetur,

117 2995 254 3076 puritate
282 2995 383 3061 cordis
410 2997 443 3060 et
469 2996 655 3078 spostolicae
677 2995 819 3062 oefitotis
844 2995 1034 3079 perfectione
1055 2994 1239 3078 possederit

80 3135 109 3175 ss
161 3114 232 3180 Huc
253 3133 352 3198 usqne
373 3115 468 3182 ubbus
494 3115 636 3182 Pinufius
658 3117 698 3182 de
718 3116 941 3183 satisfactionis
955 3115 1071 3182 indicio
1086 3131 1122 3180 ec
1135 3114 1240 3197 poeni·

116 3217 233 3283 tendes
263 3217 325 3284 line
353 3218 510 3286 disseruit.
547 3221 601 3304 qui
630 3221 706 3286 licet
734 3226 770 3287 nt
795 3224 827 3288 in
850 3223 916 3287 eins
938 3219 1085 3286 coenobio
1107 3216 1240 3284 residere

216 3443 302 3500 sPo.
326 3444 489 3508 1213-14
592 3445 709 3504 7Bom.
733 3447 759 3513 ⁷,
778 3447 810 3502 19
911 3448 971 3503 91.
989 3447 1069 3502 cul
1173 3445 1240 3502 151

114 3527 173 3583 lou.
192 3530 215 3594 1,
232 3530 250 3584 8
267 3532 296 3584 et
312 3530 348 3584 10

169 3742 183 3796 1
201 3743 251 3796 eut
267 3757 315 3812 per
332 3743 526 3813 cogitetiouem
543 3744 593 3798 eut
611 3758 659 3812 per
677 3757 827 3798 sermonem
844 3758 895 3799 oen.
914 3743 981 3799 BF:
1006 3744 1042 3812 cf.
1055 3743 1160 3810 XXII,
1177 3748 1202 3809 7,
1214 3747 1241 3799 2.

115 3827 174 3892 ΧΙ,
188 3831 246 3893 26
329 3827 348 3882 3
365 3831 394 3882 et
411 3829 509 3883 somnii
525 3828 703 3899 pollutionem
721 3843 772 3883 ose.
789 3827 830 3897 βυ
913 3827 1034 3898 dedque
1051 3829 1082 3884 F
1164 3830 1181 3885 6
1198 3844 1242 3885 me

114 3915 168 3986 dl'le
179 3932 208 3984 ot
223 3929 247 3986 0
314 3931 467 3986 tilleiulsnu
478 3931 534 3986 K':
556 3913 675 3988 'uulnus
686 3935 708 4000 (i
720 3933 840 4003 essedo
856 3933 960 3988 eiulens
971 3935 1030 3990 rell.
1101 3934 1135 3990 10
1145 3934 1241 3990 libere·

113 4017 159 4070 nit
174 4015 279 4071 B¹F2¹
366 4017 397 4071 11
416 4015 446 4070 in
460 4017 503 4071 luis
521 4033 572 4073 eut.
588 4017 620 4073 F
702 4017 736 4072 12
753 4018 899 4073 cebeentnr
915 4017 981 4075 ΡΟ
1066 4019 1099 4074 16
1116 4021 1145 4074 in
1162 4018 1241 4075 nobis

114 4117 169 4156 nou
180 4103 224 4156 eet
240 4101 277 4155 Ζ·
362 4103 395 4157 17
412 4118 509 4173 mngne
519 4103 590 4159 1³0:
616 4119 712 4174 mugn·
723 4107 767 4173 (se
778 4107 862 4172 erue.)
880 4102 912 4157 F
934 4105 1002 4159 setis
1018 4105 1059 4175 do
1145 4105 1178 4160 18
1195 4104 1240 4175 ed]

114 4187 150 4242 ed
167 4187 197 4242 iu
213 4185 242 4243 B
343 4187 377 4243 21
396 4188 489 4244 fetidis
506 4189 576 4245 BF:
603 4190 854 4260 fe(foe·)tidissimis
875 4191 943 4262 Ode
1045 4191 1079 4247 23
1096 4191 1171 4247 illum
1189 4207 1240 4247 osn-

114 4273 174 4327 ΒΡ
247 4273 422 4343 nsgnntim
439 4274 524 4331 ΒΕΘ
548 4275 757 4347 flegrnntimd
832 4292 912 4347 quum
928 4275 1026 4333 ΒΜ
1104 4275 1140 4332 24
1156 4278 1241 4347 poesi·

114 4359 188 4414 derit
203 4357 299 4414 Bu'z
397 4360 432 4414 25
449 4361 597 4431 pinuphius
613 4361 632 4431 β
