3009 5200
484 434 646 492 conlatio
671 434 705 501 X,
725 435 803 489 7—8·
1140 434 1205 502 295

82 630 187 692 autem
217 627 335 691 ratione
363 628 391 691 is
420 627 473 712 qni
500 624 613 708 peritia
642 625 862 709 grammaticae
889 624 1069 707 discipliuae
1101 626 1203 689 miuus

81 730 255 795 mannans
288 736 336 794 est
371 729 422 794 uel
450 728 640 793 rhetoricam
666 726 845 793 facundiam
875 730 927 792 nel
960 726 1204 810 philosophicam

81 832 250 897 scientiam
272 834 499 915 consequatur?
521 832 708 917 quapropter
730 830 804 895 huic
826 847 946 912 quoque
961 830 1202 895 sublimissimae

80 934 273 1016 disciplinae,
301 954 356 1016 per
383 954 476 1017 qnam
506 934 694 1000 instruimur
720 935 777 997 dec
805 932 922 1017 iugiter
949 934 1119 1009 inhaerere,
1142 951 1203 997 noa

64 1037 193 1103 sdnbito
215 1038 366 1119 quaedam
389 1036 596 1104 institutionis
611 1036 713 1101 inesse
726 1034 921 1112 fundamina,
939 1036 1051 1118 quibus
1065 1037 1203 1118 primum

80 1138 263 1205 firmissime
290 1141 460 1206 conlocatis
487 1144 559 1223 post
586 1140 663 1205 haec
689 1139 884 1223 superposita
913 1139 1103 1203 extollantur
1131 1156 1203 1219 per·

80 1244 228 1309 fectionis
256 1245 373 1308 excelsa
398 1242 535 1325 fastigia
571 1244 659 1307 cuiue
687 1240 763 1307 haec
794 1260 860 1307 esse
885 1240 1039 1325 principia
1064 1240 1234 1304 tenuitert

80 1349 286 1430 suspicamur,
314 1350 351 1413 ut
378 1348 514 1431 primum
542 1348 721 1413 nouerimus
750 1364 811 1430 qua
837 1346 1038 1411 meditatione
1062 1347 1203 1409 teneatur

80 1451 129 1513 uel
170 1451 327 1534 cogitetur
362 1451 447 1528 deus,
484 1449 597 1516 deinde
632 1449 714 1515 hauc
747 1452 877 1515 eandem
913 1464 1122 1531 quascumque
1157 1450 1203 1511 est

53 1552 249 1617 cometarium
273 1552 532 1634 quemadmodum
555 1552 715 1617 ualeamus
730 1550 924 1621 inmobiliter
939 1550 1103 1633 custodire,
1123 1552 1203 1633 qood

80 1655 179 1719 dmm
203 1672 264 1719 nou
286 1656 477 1739 ambigimus
500 1658 623 1721 culmen
646 1657 745 1721 totins
767 1656 967 1738 perfectiouis
990 1656 1144 1720 eremmon.
1172 1656 1205 1719 st

80 1758 201 1823 idcirco
229 1762 386 1841 quandam
414 1760 581 1824 memorius
605 1758 697 1827 huius
719 1759 894 1839 materiam,
917 1776 981 1841 qua
1001 1761 1076 1825 deus
1098 1759 1204 1823 moute

81 1861 280 1942 concipiatur
302 1860 352 1925 uel
374 1867 523 1943 perpetuo
544 1863 696 1938 tenemur,
717 1860 807 1926 uobis
829 1858 971 1943 cupimus
987 1860 1203 1935 demonstrari,

80 1968 114 2027 ut
143 1983 217 2028 eam
245 1982 320 2046 prae
344 1964 442 2029 oculis
470 1968 672 2041 retentantes,
700 1980 772 2029 cum
800 1964 921 2045 elapsos
949 1981 1005 2029 uos
1034 1963 1074 2029 ab
1098 1966 1203 2028 eadem

54 2067 280 2142 usenssrimns,
325 2068 494 2133 habeamus
530 2068 562 2131 in
600 2070 747 2148 promptu
784 2084 844 2150 quo
879 2065 1094 2149 resipiscentes
1131 2066 1204 2131 ilico

81 2172 279 2235 reuertamur
307 2188 344 2234 ac
370 2187 524 2236 resumere
555 2170 646 2235 illam
678 2170 746 2234 sius
774 2170 841 2235 ulla
874 2170 1024 2235 circuitus
1058 2186 1144 2233 mora
1172 2170 1204 2235 et

82 2273 293 2353 inquisitionis
327 2272 515 2338 difficultate
550 2272 716 2355 possimus.
759 2271 864 2339 euenit
894 2290 1038 2354 namque,
1067 2276 1104 2335 ut
1132 2278 1235 2342 cumb

83 2377 118 2438 de
138 2376 272 2440 theoriis
293 2376 489 2457 spiritalibus
510 2375 636 2458 euogati
658 2380 697 2441 ad
721 2378 842 2441 nosmet
863 2377 945 2459 ipsos
960 2374 1049 2441 uelut
1063 2377 1101 2439 de
1116 2374 1203 2439 letali

83 2495 191 2557 sopore
217 2479 430 2545 conuertimur
452 2484 483 2543 ct
505 2480 665 2562 nmquam
688 2478 897 2561 expergefacti
923 2478 1086 2544 materiem
1109 2494 1203 2558 quae·

56 2580 191 2660 orimus,
230 2598 292 2664 qua
328 2582 418 2647 illem
462 2601 541 2666 quae
577 2584 688 2648 obruta
724 2584 774 2648 ost
810 2582 985 2665 spiritalem
1022 2580 1203 2646 memoriam

83 2685 272 2749 resuscitare
315 2686 477 2768 possimus,
521 2687 673 2751 recudati
714 2685 815 2767 ipsius
854 2685 1065 2766 inquisitionis
1107 2701 1202 2760 more,

83 2788 263 2868 priusquam
292 2787 503 2871 repperiamus
526 2805 604 2865 cam,
628 2806 646 2852 o
670 2795 776 2853 nosne
804 2788 917 2853 conatu
948 2789 1061 2854 iterum
1095 2785 1204 2852 deuol-

83 2906 204 2969 uimur,
235 2892 268 2954 ot
288 2893 456 2974 antequam
478 2891 627 2973 spiritalia
649 2892 776 2973 quidum
803 2892 942 2974 pariatur
962 2892 1105 2966 intuitus,
1129 2905 1203 2954 con·

83 2998 172 3076 cepto
198 2993 301 3058 cordis
331 2998 498 3060 euanesoet
529 2994 674 3059 intentio.
715 3013 810 3076 quam
843 2994 1055 3060 confusionem
1087 2991 1203 3058 idcirco

56 3098 168 3162 auctis
204 3097 342 3161 accidere
373 3097 451 3161 satis
484 3099 602 3161 certum
631 3100 691 3175 est,
719 3099 793 3180 quia
820 3097 952 3179 speciale
980 3095 1099 3178 aliquid
1130 3113 1204 3177 pras

84 3200 182 3263 mulis
215 3199 409 3280 propositum
442 3201 531 3265 uelut
563 3200 729 3265 formulam
763 3203 916 3282 quandam
953 3200 1108 3266 stabiliter
1140 3215 1202 3262 uon

83 3301 236 3379 tenemus,
258 3302 413 3384 adquam
434 3303 535 3385 possit
558 3321 659 3384 uagus
682 3303 806 3368 animm
828 3309 899 3385 pest
915 3305 1031 3368 multos
1045 3301 1202 3366 aufrectus

132 3573 147 3625 l
174 3571 217 3624 his
239 3571 308 3627 12¹0
411 3575 574 3640 gramaticae
599 3573 625 3628 V
731 3575 748 3627 2
770 3574 868 3628 rethor.
891 3571 980 3627 DPX
1008 3575 1087 3626 rotor.
1114 3571 1136 3626 0

84 3655 236 3710 imundiam
253 3659 297 3710 uel
315 3658 528 3728 philosophicam
546 3659 640 3714 ooao
724 3658 848 3727 philosof.
866 3658 896 3712 D
998 3655 1204 3724 decusequltur

85 3740 122 3794 D¹
226 3745 427 3798 tertullantur
449 3745 484 3798 V¹
585 3745 681 3814 iique]
700 3761 725 3814 q;
743 3745 785 3799 Βι
888 3744 921 3798 10
942 3743 1079 3797 custudire
1099 3740 1135 3796 V¹

85 3829 115 3881 11
132 3826 359 3896 ambiguimusO
449 3829 538 3883 tutius
559 3830 595 3884 V·
680 3833 792 3884 existere
808 3829 893 3885 DOP
984 3829 1018 3883 13
1035 3827 1203 3895 conceptatur

84 3911 122 3965 1)ι
151 3912 303 3981 concipitur
321 3914 376 3970 ΟΧ
471 3913 551 3968 nutis
569 3915 607 3970 V·
710 3917 741 3970 15
759 3919 886 3984 pmmptn
902 3915 933 3969 D
961 3916 1069 3982 promtu
1086 3929 1138 3982 quc
1155 3928 1203 3982 pro

88 3997 110 4050 0
194 3998 381 4066 resipiscentes
398 3999 525 4056 1>on=
552 4001 721 4069 respicientes
737 4000 782 4055 Vc
869 4000 900 4054 li
919 4000 995 4054 uenit
1012 3997 1053 4052 D¹
1081 4001 1109 4051 et
1126 3999 1204 4052 uouit

88 4081 109 4135 0
211 4083 247 4137 18
267 4085 344 4138 uolut
365 4084 456 4139 letalis
479 4100 557 4152 opere
577 4085 603 4139 V
704 4085 739 4139 19
761 4086 937 4140 conuirtimur
958 4083 994 4138 V²
1096 4082 1131 4136 20
1151 4098 1203 4151 qua

84 4167 180 4222 esav
279 4168 311 4223 21
334 4185 473 4240 pomumue
500 4171 534 4225 θ
636 4169 670 4223 22
691 4171 852 4238 reperiamus
873 4170 904 4224 X
1004 4185 1087 4224 soer-
1105 4168 1135 4222 D

85 4250 117 4304 23
133 4252 250 4306 intuitus
270 4254 306 4309 V¹
407 4256 443 4309 94
460 4257 598 4310 miscet
613 4255 657 4312 Β*
759 4255 792 4310 25
810 4254 930 4310 accedere
952 4254 1003 4310 ΥΡ
1104 4253 1139 4310 26
1156 4270 1202 4323 po-

85 4353 210 4410 situmO
311 4347 543 4412 ntmfmcootli
