3009 5200
252 431 317 498 252
644 427 809 483 Iohannis
826 426 983 483 cassiani

253 623 302 687 uis
324 622 352 686 ei
373 620 623 703 persecutionum
641 620 774 684 uiolenti
789 620 940 684 torrentes
955 619 1055 683 instar
1071 618 1178 683 arietis
1192 617 1373 696 imitantur,

253 727 396 809 quamuis
422 724 527 789 inruat
556 724 588 787 et
614 724 776 787 incumbat
808 722 1052 787 aduersariorum
1081 722 1247 804 spirituum
1279 740 1374 789 saeua

252 829 429 914 tempestas,
458 846 519 892 non
545 827 647 892 solum
668 827 760 890 ruina
782 842 844 890 nou
867 824 980 901 diruet,
1007 825 1061 890 sed
1084 842 1141 889 uec
1163 827 1231 907 ipsa
1252 827 1372 909 aliqua-

252 938 343 997 tenus
364 931 491 997 uexabit
512 928 658 1013 inpulsio.

294 1052 354 1119 III.
378 1052 418 1117 Et
444 1052 559 1117 idcirco
588 1055 624 1116 ut
647 1069 682 1116 eo
704 1049 825 1117 feruore
847 1069 883 1115 ec
905 1048 1042 1133 puritate
1073 1068 1133 1133 qua
1154 1049 1246 1115 debet
1268 1048 1372 1114 emitti
1395 1070 1410 1110 s

252 1157 351 1240 possit
387 1156 498 1232 oratio,
535 1155 612 1220 haec
647 1158 721 1220 sunt
758 1155 945 1220 omnimodis
989 1153 1190 1219 obseruanda.
1234 1154 1372 1236 primum

252 1260 430 1326 sollicitudo
453 1278 556 1324 rerum
573 1258 744 1323 carnalium
771 1258 958 1339 generalitor
979 1256 1167 1323 abscidenda
1188 1259 1246 1333 est,
1262 1256 1372 1321 deinde

251 1363 370 1428 nullius
403 1363 520 1447 negotii
552 1379 703 1427 causaene
730 1380 792 1427 non
825 1362 925 1428 solum
960 1379 1042 1441 cura,
1072 1363 1125 1427 sed
1158 1379 1196 1425 ne
1223 1359 1372 1424 memoria

251 1468 377 1549 quidem
409 1466 535 1548 penitus
571 1463 774 1543 admittenda,
819 1465 1066 1540 detractationes,
1103 1462 1281 1545 uaniloquia
1317 1480 1371 1526 seu

250 1570 456 1653 multiloquia,
490 1567 696 1634 scurrilitates
730 1585 851 1651 quoque
882 1566 1029 1633 similiter
1061 1568 1278 1651 amputandae,
1307 1566 1371 1629 irae
1381 1586 1409 1624 ro

250 1692 325 1755 prae
362 1673 503 1738 omnibus
539 1671 606 1735 siue
642 1671 791 1735 tristitiae
823 1670 1016 1752 perturbatio
1050 1670 1190 1735 funditus
1227 1670 1370 1745 eruenda,

251 1776 516 1858 concupiscentiae
544 1775 676 1843 carnalis
699 1796 735 1841 ac
756 1776 933 1861 filargyriae
962 1776 1069 1841 nonius
1099 1775 1197 1840 fomes
1219 1773 1371 1839 radicitus

220 1878 438 1950 2euellendue.
476 1885 507 1945 et
534 1881 581 1946 ita
610 1881 660 1946 his
689 1899 724 1947 ac
750 1880 906 1947 similibus
929 1881 1015 1944 uitiis
1037 1878 1169 1943 extrusis
1191 1876 1316 1960 penitus
1339 1879 1372 1940 et

250 1981 388 2062 abscisis,
417 2001 494 2065 quae
522 1984 683 2050 hominum
713 2002 833 2067 quoque
859 1990 989 2067 possunt
1020 1985 1126 2063 patere
1148 1977 1372 2062 conspectibus,

248 2085 367 2167 talique
389 2090 425 2152 ut
447 2088 579 2153 diximus
601 2088 739 2172 repurgii
762 2088 982 2152 emundatione
1005 2085 1184 2167 praemissa,
1201 2101 1280 2165 quae
1293 2083 1369 2146 sim·
1382 2102 1408 2141 ra

248 2190 400 2273 plicitatie
422 2192 454 2254 et
475 2191 667 2255 innocentiae
689 2191 827 2274 puritate
848 2190 1015 2273 perficitur,
1045 2188 1186 2254 iacienda
1207 2188 1281 2250 sunt
1303 2185 1369 2269 pri-

248 2311 336 2356 mum
357 2292 526 2377 profundae
541 2294 729 2359 humilitatis
749 2294 932 2359 inconeussa
947 2291 1137 2368 fundamina,
1153 2308 1231 2373 quae
1246 2288 1370 2354 scilicet

248 2400 366 2461 tmrem
393 2396 577 2462 intraturam
609 2398 710 2462 caelos
737 2397 864 2462 ualeant
892 2396 1054 2473 sustinere,
1084 2394 1193 2459 deinde
1221 2408 1368 2475 superpo·

248 2501 349 2566 nenda
370 2501 524 2564 uirtutum
546 2502 699 2582 spiritalis
726 2501 878 2566 extructio
902 2501 932 2565 et
954 2501 993 2565 ab
1015 2497 1100 2563 omni
1116 2496 1258 2561 discursu
1274 2496 1369 2577 atque

248 2605 429 2688 euagatione
462 2605 582 2670 lubrica
618 2605 740 2670 animus
777 2604 967 2682 inhibendus,
1002 2604 1038 2668 ut
1070 2602 1114 2667 ite
1147 2601 1299 2685 paulatim
1329 2596 1369 2663 ad
1378 2617 1407 2659 ae

247 2709 540 2789 contemplationem
570 2708 620 2772 dei
649 2727 685 2774 ac
706 2708 863 2791 spiritales
889 2707 1022 2771 intuitus
1044 2705 1171 2788 incipiat
1194 2703 1369 2769 sublimari.

217 2810 394 2893 3quidquid
417 2810 595 2876 animante
621 2811 770 2876 orationis
797 2811 903 2876 horam
932 2809 1036 2875 anime
1058 2812 1164 2874 nostra
1186 2807 1367 2889 conceperit,

246 2931 369 2979 necesse
397 2916 446 2979 est
467 2917 503 2978 ut
524 2914 685 2980 orantibus
714 2911 804 2979 nobis
832 2933 888 2996 per
915 2912 1122 2998 ingestionem
1144 2909 1367 2976 recordatiouis

247 3016 397 3082 occurrat.
434 3019 633 3098 quamobrem
662 3016 769 3099 quales
798 3017 920 3080 orantes
949 3018 1093 3082 uolumus
1122 3013 1265 3090 inueniri,
1287 3014 1367 3078 tales

245 3139 302 3186 nos
323 3123 396 3185 ante
417 3119 563 3185 orationis
586 3124 708 3203 tempus
730 3137 913 3203 praeparare
928 3120 1083 3185 debemus.
1119 3137 1153 3183 er
1168 3116 1406 3199 praecedentia

124 3299 129 3308 .
246 3223 328 3287 enim
351 3225 437 3289 statu
458 3241 546 3288 mens
562 3223 594 3288 in
609 3224 832 3305 supplicatione
847 3223 1012 3301 formatur,
1035 3219 1261 3303 eorundemque
1277 3221 1366 3284 actu-

297 3510 311 3562 1
338 3509 374 3581 ei]
396 3510 425 3562 et
448 3510 475 3564 V
572 3513 723 3579 peraequat
755 3510 778 3566 0
881 3509 897 3565 ³
923 3508 1012 3563 deruit
1037 3507 1077 3562 D¹
1180 3506 1197 3560 5
1222 3522 1275 3575 qua
1301 3503 1365 3559 hinc

247 3614 295 3670 W¹
389 3600 597 3698 ‘labaciedenda
613 3616 644 3670 D
737 3615 863 3670 8nuliue
881 3613 987 3684 negutii
1009 3615 1035 3669 V
1121 3610 1365 3666 9detractatioucs

248 3717 335 3774 W0¹=
363 3718 568 3774 detrectationes
589 3719 642 3776 VD
671 3718 847 3773 detractiones
868 3717 982 3774 O’PXo
1070 3714 1300 3784 aeumultiloquia
1312 3729 1363 3768 cm.

245 3820 269 3877 O
370 3822 404 3877 10
431 3823 605 3877 murrilitatis
631 3823 666 3878 V¹
701 3822 867 3876 scurilitates
891 3821 992 3878 DWP
1092 3821 1125 3876 12
1151 3817 1365 3888 coucupiscentia

247 3918 273 3973 V
354 3917 394 3986 ac]
413 3917 566 3972 affectasse
586 3917 623 3974 W
707 3917 864 3988 fylargiriae
879 3918 918 3972 W
942 3915 1086 3986 filargiriac
1100 3915 1181 3972 OPX
1266 3913 1299 3968 14
1316 3910 1364 3966 ab·

242 4011 332 4064 scisais
353 4011 416 4067 V¹P
514 4013 634 4066 omnium
666 4013 689 4067 0
792 4027 895 4081 quoque
921 4029 971 4068 cm.
998 4011 1093 4068 DWO
1195 4011 1229 4066 15
1255 4007 1363 4078 repurgi

244 4097 296 4153 ΟΡ
375 4099 542 4167 permissaV
623 4097 656 4152 17
668 4099 808 4154 mccncusa
823 4099 860 4154 W
942 4100 974 4154 19
986 4097 1072 4167 adque
1087 4097 1163 4154 VOP
1245 4093 1363 4150 winti-

241 4183 328 4238 bendd
346 4184 388 4238 D²
489 4184 522 4238 21
541 4184 672 4253 spiritalis
693 4184 755 4238 V¹P
852 4185 967 4238 intuitos
985 4184 1026 4239 D²
1125 4183 1159 4238 22
1176 4181 1307 4251 quidquid
1326 4180 1363 4235 1⁷¹

240 4269 306 4324 DP:
336 4268 464 4338 quioquid
479 4271 538 4324 rell.
629 4270 742 4324 rationis
759 4270 789 4324 D
879 4269 995 4326 oramO
1084 4269 1119 4324 23
1137 4273 1168 4324 ut
1186 4269 1236 4323 hoo
1259 4268 1298 4323 W

242 4355 277 4408 24
292 4355 411 4410 inuenire
428 4355 485 4410 tale
500 4355 542 4410 D¹
644 4356 678 4410 25
696 4359 817 4426 tempore
834 4356 864 4410 D
967 4357 1001 4411 26
1019 4371 1162 4425 eorumque
1184 4356 1208 4412 0
