3009 5200
492 435 651 493 Conlatio
675 434 739 502 vn,
758 434 835 491 Η.
1164 431 1227 500 183

86 621 206 688 datum
228 623 390 704 ominari,
412 624 528 691 idcirco
550 642 626 691 uera
647 624 714 691 dus
735 624 840 709 opinio
861 623 1030 691 indicanda
1051 623 1109 701 est,
1132 638 1227 706 qnam

85 725 269 793 secundm
298 726 519 811 experientiam
549 745 639 794 suam
668 726 757 795 uisus
786 731 834 794 est
861 726 1040 810 protulisse,
1071 742 1143 792 cum
1166 724 1228 790 hoc

85 846 150 894 nou
181 828 291 895 solum
319 848 381 896 non
411 847 476 895 esse
503 828 696 912 inpossibile,
725 831 782 897 sed
802 830 898 896 etiam
927 827 1133 913 perfacilest
1154 827 1227 893 abis

85 929 155 995 lieri
181 932 309 999 ratione
330 932 507 999 certissima
520 937 553 1001 et
567 934 728 1001 oculorum
750 932 812 1000 lide
825 950 886 1000 non
901 930 995 999 dubia
1010 930 1225 1016 conprobetur.

66 1039 162 1111 osnig
196 1035 317 1118 itaque,
339 1035 373 1101 id
403 1040 451 1103 ast
472 1054 570 1117 mous,
599 1028 779 1124 ἀεικίνητος
799 1034 854 1102 καὶ
881 1030 1093 1122 πολυκίνητος
1114 1031 1259 1101 defini-2

85 1137 149 1217 tur,
191 1136 228 1202 id
259 1141 310 1205 est
338 1155 460 1222 semper
489 1138 615 1207 mobilis
637 1141 670 1205 et
691 1141 829 1205 multum
850 1139 986 1206 mobilis.
1024 1136 1227 1220 quodetiam

86 1239 119 1303 in
151 1237 322 1325 Sapientia
349 1258 428 1324 quae
456 1242 571 1308 dicitm
601 1241 776 1309 Salomonis
808 1242 878 1309 aliis
910 1241 1016 1307 uerbis
1045 1240 1092 1307 ita
1112 1240 1229 1307 descri-

86 1340 198 1409 bitur:
227 1341 285 1409 καί
310 1343 427 1427 γεῶδες
454 1344 570 1431 σκῆνος
597 1340 708 1431 βρίθει
731 1345 806 1411 νοῦν
827 1336 1081 1431 πολυφρὸντιδα,
1103 1340 1137 1408 id
1160 1342 1225 1408 est:

86 1450 125 1510 et
148 1450 364 1513 terrenum
384 1446 665 1515 babitaculum
692 1451 890 1533 adgrauat
911 1449 1080 1515 mentem
1100 1445 1228 1512 multa

59 1550 354 1633 seogitentem.
389 1551 468 1619 haec
490 1553 587 1636 igitur
608 1570 664 1636 pro
694 1553 875 1619 condicione
900 1553 1033 1618 naturae
1054 1566 1227 1633 numquam

87 1652 200 1734 potest
229 1653 331 1721 otiosa
358 1654 536 1738 consistme,
564 1656 620 1721 sad
648 1674 774 1721 necesse
805 1659 952 1739 osteum,
982 1653 1043 1720 nlsi
1065 1652 1226 1737 prouisum

87 1754 246 1824 mouerit
259 1758 314 1824 ubi
327 1776 400 1824 auos
417 1762 555 1825 exerceat
569 1760 674 1825 motus
690 1763 722 1826 ct
740 1760 773 1827 in
789 1758 902 1843 quibus
917 1757 1035 1843 iugiter
1049 1757 1228 1839 occupetur,

89 1863 225 1945 proprie
261 1860 439 1929 mobilitate
472 1862 644 1929 discurrere
678 1863 710 1928 et
741 1880 797 1947 per
828 1860 933 1929 omnia
961 1861 1104 1944 nolitote,
1132 1857 1230 1925 donec
1328 1912 1332 1918 .

90 1963 189 2049 longo
214 1964 363 2031 exercitio
384 1984 506 2050 usuque
527 1966 706 2034 mereboto
728 1967 886 2045 diuturno,
910 1983 971 2050 qno
985 1982 1042 2030 uos
1055 1965 1090 2030 in
1105 1978 1230 2029 mesum

64 2065 203 2133 adicitis
244 2066 394 2150 laborare,
432 2068 607 2152 experiatur
643 2071 677 2135 et
712 2068 814 2135 discat
846 2086 922 2153 quus
955 2068 1122 2134 memoriae
1153 2082 1230 2129 suae

92 2172 250 2237 materias
278 2171 391 2238 debeat
418 2190 611 2256 praeparere,
634 2190 706 2256 erga
733 2188 811 2256 quas
840 2171 1033 2257 circumagat
1056 2166 1229 2237 indefessos

91 2272 224 2339 uolatus
247 2274 280 2339 et
300 2274 477 2339 inmoraudi
491 2275 584 2342 robur
600 2275 756 2358 adquirat,
778 2276 811 2341 et
824 2275 872 2341 ita
885 2274 1067 2358 praeualeat
1080 2274 1227 2340 aduersas

94 2376 222 2441 inimici
251 2376 469 2460 suggestiones
497 2376 611 2460 quibus
637 2376 869 2444 distrahebatur
890 2378 1054 2443 extrudere
1075 2376 1170 2458 atquo
1193 2371 1228 2436 in

95 2479 150 2544 illo
173 2496 273 2561 quem
296 2477 457 2545 desiderat
476 2480 565 2545 statu
586 2482 619 2546 ct
641 2479 794 2562 qualitate
816 2479 938 2546 durare.
974 2497 1036 2544 non
1058 2494 1132 2561 ergo
1145 2472 1259 2543 hauu3

68 2582 319 2666 aeuagutionem
340 2579 440 2647 cordis
456 2582 553 2648 nostri
568 2582 620 2648 uel
634 2583 766 2648 naturae
786 2581 942 2648 humanae
956 2580 1008 2647 uel
1022 2580 1079 2647 deo
1096 2578 1229 2646 mentori

96 2687 161 2750 sius
191 2683 346 2750 debemus
373 2684 556 2752 adscribere.
586 2703 662 2752 uera
688 2688 736 2751 est
765 2685 849 2751 enim
870 2685 1042 2768 scripturae
1063 2683 1229 2767 scnbntin,

97 2790 168 2870 quia
190 2789 288 2853 deus
310 2786 410 2854 fecit
425 2787 621 2855 hominem
637 2792 805 2854 rectum:
828 2788 958 2872 etipsi
975 2787 1230 2872 quaesierunt

98 2891 374 2973 cogitationes
397 2893 552 2960 multas.
591 2910 610 2958 a
630 2891 721 2958 nobis
738 2910 812 2975 ergo
826 2910 935 2958 carum
950 2892 1088 2976 qualitas
1103 2889 1227 2975 pendet,

97 2993 169 3076 quia
198 2993 422 3078 cogitatiop
448 2995 562 3081 inquit,
595 2993 696 3062 bona
723 2997 948 3062 scientibus
974 3015 1058 3063 eam
1091 2994 1229 3077 adpro·

70 3098 284 3179 spinquat,
306 3097 524 3165 uirentem
547 3101 721 3182 prudens
742 3099 927 3165 inueniet
948 3117 1040 3167 eam.
1076 3096 1229 3182 quidquid

101 3279 497 3432 ffl9&p'⁹'15<1⁴m
583 3281 618 3336 22
636 3279 734 3337 Ecclas.
748 3281 926 3353 uaodxx)
1012 3282 1047 3336 24
1063 3284 1140 3337 Prot.
1161 3283 1229 3350 19st

150 3536 165 3588 1
190 3533 324 3588 mammeri
345 3535 371 3592 V
398 3536 532 3591 susdnora
552 3535 594 3591 D¹
696 3537 843 3594 iudecunda
863 3538 900 3593 7Ι
1001 3539 1020 3593 5
1042 3539 1109 3599 νοῦς
1125 3537 1228 3608 itaque]

102 3621 190 3676 nmcit
213 3637 284 3691 aqua
304 3620 343 3677 W
425 3623 583 3680 uelikinitos
606 3623 637 3679 D
671 3625 843 3680 achcrmoc
870 3624 908 3681 W
992 3626 1177 3695 uonykmmoe
1199 3623 1230 3678 D

101 3705 287 3762 uoiknulnrroc
316 3707 356 3762 W
481 3709 497 3762 7
524 3710 566 3764 ita
591 3709 714 3778 describ]
742 3710 905 3766 adscribitur
933 3709 961 3766 V
989 3709 1030 3765 itu
1055 3709 1162 3766 dimrib.
1188 3709 1229 3764 D¹

103 3791 126 3846 0
216 3793 368 3848 suemdec
388 3790 453 3848 VW
537 3795 660 3852 amoc
677 3796 707 3851 D
736 3796 869 3852 &mou
890 3795 928 3852 W
1013 3795 1165 3858 au1e1W

102 3887 310 3941 ror-Quorum
330 3887 362 3940 D
399 3887 695 3944 noimuoaibrouuaoo
722 3889 762 3945 W
868 3905 971 3962 gracco
992 3892 1093 3946 ombao
1114 3895 1179 3946 eard
1198 3892 1231 3946 ia

104 3987 145 4052 x,
171 3957 405 4058 peem'naotoa
427 3990 460 4046 so
489 3990 539 4047 or>
640 3991 674 4046 10
699 3991 854 4047 connecte
881 3992 1005 4050 vnwx
1107 3993 1140 4047 nn
1165 4008 1229 4048 eum

106 4080 140 4134 7Ι
245 4083 280 4138 11
301 4082 383 4150 longe
405 4083 447 4139 D¹
548 4100 633 4156 usque
652 4085 705 4142 VP
807 4087 840 4141 ld
863 4085 1003 4144 laboroV
1103 4088 1136 4143 16
1153 4086 1229 4142 inde-

102 4166 188 4222 fensus
215 4167 251 4224 7ι
355 4168 387 4222 17
415 4169 494 4227 robor
521 4171 552 4226 X
653 4173 781 4227 aduersus
805 4171 934 4230 WOPX¹
1036 4172 1069 4227 18
1095 4172 1231 4230 exmadera

107 4253 152 4308 W¹
249 4253 335 4324 adque
356 4253 437 4310 7οΡ
530 4257 565 4312 23
583 4256 676 4326 pendit
693 4257 786 4314 WPX
886 4257 921 4314 24
937 4257 1034 4328 inquid
1054 4257 1147 4314 VDO:
1178 4275 1230 4315 oso.

107 4340 143 4395 W
245 4339 445 4410 adpropinquat
466 4341 505 4398 W
605 4341 638 4397 25
655 4343 784 4414 quicquid
805 4343 929 4401 VWOX
