3009 5200
295 428 314 493 8
685 423 850 480 Iohannis
867 421 1023 478 Cassiani

291 619 405 699 pertas,
417 615 552 699 indignis
564 615 595 679 et
607 613 769 679 fastidiose
781 611 1020 694 suscipientibus
1028 614 1166 694 pandens
1179 612 1237 677 aut
1250 604 1433 674 iactantiae

291 719 405 785 uitium
434 722 488 784 aut
517 717 699 801 proditionis
732 715 851 782 orimen
884 715 1041 781 uideretur
1074 717 1257 794 incurrere),
1295 712 1433 776 tandem

291 821 443 904 fatigatus
464 820 607 902 precibus
629 819 743 886 nostris
765 820 813 884 ita
834 835 959 884 exorsus
981 821 1039 883 est.

332 942 373 1006 Π.
398 939 522 1019 Omnes,
546 939 657 1023 inquit,
682 942 767 1004 artes
789 957 826 1004 ae
848 936 1031 1021 disciplinae
1060 955 1170 1021 seopon
1195 937 1372 1022 quendam,
1397 938 1431 1003 id

290 1043 337 1109 est
365 1043 614 1126 destinationem,
644 1043 675 1107 et
704 1043 792 1123 telos,
820 1041 878 1106 hoe
906 1042 955 1106 est
981 1041 1074 1105 finem
1104 1043 1268 1123 proprium
1293 1040 1467 1114 habente

289 1147 328 1212 ad
357 1164 448 1227 quem
478 1145 645 1228 respiciens
674 1143 919 1226 uniusouiusque
951 1145 1029 1209 artis
1059 1144 1234 1210 industrius
1260 1143 1428 1225 adpetitor

287 1251 414 1314 nunotos
458 1249 577 1314 labores
612 1249 645 1314 et
677 1249 816 1332 pericula
851 1251 944 1331 atque
987 1249 1149 1332 dispendia
1185 1246 1428 1331 aequanimiter

287 1350 483 1432 libenterque
515 1351 677 1416 sustentat.
719 1369 792 1415 nam
820 1352 852 1414 et
884 1350 1021 1435 agricola
1053 1369 1136 1416 nuno
1168 1350 1306 1415 torridos
1346 1349 1425 1414 solis

286 1451 398 1528 radios,
422 1470 504 1517 nune
523 1454 651 1534 pruinas
675 1456 706 1518 et
727 1455 862 1537 glaciem
881 1473 944 1519 non
959 1454 1115 1519 declinans
1130 1455 1246 1520 terram
1262 1452 1425 1536 infatiga-

286 1556 390 1621 biliter
405 1554 519 1620 scindit
532 1564 564 1620 et
579 1555 746 1621 indomitas
758 1559 827 1639 agri
838 1556 965 1638 glaebas
976 1555 1130 1639 frequenti
1142 1556 1266 1641 subigit
1277 1574 1424 1634 uomere,
1434 1582 1462 1622 re

286 1661 360 1723 dum
383 1675 497 1740 soopon
519 1663 633 1734 seruat,
656 1664 692 1724 ut
714 1679 785 1724 eam
810 1659 933 1724 eunetis
955 1659 1096 1724 sentibus
1119 1661 1329 1741 expurgatam
1345 1659 1423 1723 uni-

287 1759 444 1843 uersisque
473 1763 666 1844 graminibus
695 1763 872 1829 absolutam
894 1763 927 1826 iu
949 1762 1077 1827 modum
1106 1764 1249 1829 solubilis
1279 1764 1420 1828 harenae

286 1865 449 1928 exercendo
479 1865 681 1945 comminuat,
712 1866 816 1944 linem,
839 1866 873 1930 id
896 1869 944 1931 est
965 1867 1192 1948 pereeptionem
1215 1867 1420 1947 copiosarum

286 1965 412 2048 frugum
435 1970 466 2031 et
489 1969 721 2034 exuberantiam
743 1971 885 2053 segetum
907 1986 969 2033 non
990 1969 1069 2034 alias
1092 1969 1279 2052 adepturum
1296 1988 1331 2034 se
1348 1989 1418 2036 esse

287 2068 451 2148 confidens,
480 2089 539 2153 quo
567 2072 619 2136 uel
646 2073 712 2154 ipso
740 2072 888 2156 deinoeps
921 2072 1022 2136 uitam
1049 2090 1174 2137 securus
1203 2073 1329 2154 exigere
1365 2072 1455 2138 uelis

256 2177 375 2242 2suam
401 2174 498 2255 possit
528 2174 719 2258 amplificare
747 2174 968 2240 substantiam.
1006 2174 1123 2251 referta
1144 2175 1240 2239 etiam
1265 2175 1416 2260 frugibus

284 2274 396 2342 horrea
417 2274 550 2341 libenter
571 2277 714 2342 exhaurit
737 2295 849 2360 eosque
869 2276 1016 2359 putribus
1039 2278 1132 2342 suleis
1154 2277 1289 2342 instanti
1304 2277 1417 2343 labore

286 2380 490 2460 sommendat,
530 2380 726 2461 praesentem
760 2379 1007 2444 deminutionem
1043 2379 1220 2444 futurarum
1257 2381 1415 2447 messium

285 2479 545 2561 contemplatione
573 2499 634 2546 uon
669 2481 815 2546 sentiens.
853 2481 905 2547 illi
933 2483 1038 2563 etiam,
1073 2483 1127 2564 qui
1160 2482 1414 2566 negotiationum

285 2584 386 2648 solent
414 2603 550 2649 exeruere
579 2585 770 2665 commercia,
800 2604 859 2650 non
885 2585 1020 2651 insertos
1043 2586 1145 2669 pelagi
1168 2585 1282 2651 timent
1306 2606 1449 2663 casuum

283 2704 346 2750 nou
369 2686 434 2751 nlla
456 2686 636 2753 discrimina
658 2689 904 2771 perhorrescunt,
928 2689 1003 2753 dum
1026 2688 1065 2753 ad
1080 2688 1173 2752 finem
1188 2690 1340 2770 quaestus
1355 2708 1413 2773 spe

282 2789 423 2871 praepeti
437 2792 649 2871 prouocantur.
683 2808 740 2855 neo
755 2810 816 2856 non
837 2791 932 2856 etiam
955 2791 988 2855 hi
1010 2792 1064 2873 qui
1086 2791 1221 2857 militiae
1236 2794 1412 2858 mundialis

283 2891 455 2957 ambitione
475 2892 684 2971 flammantur,
708 2894 784 2957 dum
805 2894 998 2977 prospiciunt
1021 2894 1172 2959 honorum
1195 2912 1232 2959 ue
1246 2894 1411 2976 potentiae

282 2995 384 3073 finem,
418 2996 701 3079 peregrinationum
735 2998 831 3062 exitia
855 3016 890 3062 ae
918 2997 1055 3078 pericula
1086 3015 1146 3062 nou
1179 2998 1322 3062 sentiunt
1351 3017 1411 3063 nee

282 3098 498 3180 praesentibus
525 3102 682 3165 aerumnis
710 3099 863 3182 bellisque
890 3100 1085 3182 franguntur,
1113 3102 1187 3165 dum
1209 3101 1445 3182 propositnmre

252 3200 340 3267 3sibi
369 3200 532 3283 dignitatis
560 3201 651 3267 finem
680 3202 810 3283 eupiunt
829 3201 979 3267 obtinere.
993 3199 1110 3290 [habet
1138 3219 1212 3285 ergo
1241 3206 1274 3266 et
1296 3204 1409 3269 nostra

280 3303 429 3385 professio
456 3303 568 3387 scopon
595 3304 754 3387 proprium
787 3322 823 3369 ao
849 3304 943 3370 finem
971 3323 1072 3383 sunm,
1100 3320 1157 3385 pro
1191 3322 1251 3385 quo
1280 3304 1407 3371 labores

281 3410 404 3471 cunctos
427 3425 488 3471 non
510 3409 611 3472 solum
639 3407 891 3491 infatigabiliter,
919 3426 1030 3472 uerum
1052 3408 1149 3472 etiam
1170 3408 1333 3488 gratanter
1355 3408 1406 3473 in·

281 3508 454 3589 pendimus,
478 3510 516 3574 ob
539 3528 630 3592 quern
652 3528 707 3575 nos
729 3508 916 3575 ieiuniorum
937 3508 1042 3573 inedia
1064 3526 1124 3573 non
1145 3508 1271 3591 fatigat,
1294 3510 1405 3594 uigili·

280 3630 368 3677 arum
406 3610 556 3678 lassitudo
594 3611 736 3689 delectat,
780 3611 872 3676 leutio
908 3629 945 3676 ao
979 3611 1142 3677 meditatio
1180 3614 1441 3695 seripturarumsu

281 3714 460 3779 continuata
489 3732 550 3779 nou
577 3714 681 3795 satiat,
712 3712 801 3779 labor
823 3713 918 3779 etiarn
940 3713 1135 3780 incessabilis
1158 3716 1346 3797 nuditasque
1370 3718 1403 3781 et

279 3816 418 3881 omnium
454 3834 557 3882 rerum
593 3816 739 3898 priuatio,
776 3817 884 3881 horror
920 3834 1040 3899 quoque
1073 3817 1167 3882 buius
1204 3817 1403 3885 uastissimas

330 4072 462 4141 dinquid
477 4071 517 4126 D¹
591 4071 830 4127 bdistinatiouem
846 4070 888 4125 D¹
965 4071 1107 4141 rugiebat
1125 4071 1190 4126 DX
1258 4074 1291 4127 12
1308 4088 1402 4125 arenae

281 4159 312 4213 X
385 4154 444 4213 ’17
463 4158 567 4213 exaurit
583 4158 625 4213 1)ι
722 4157 852 4213 instanti·
870 4161 897 4225 (a
914 4163 947 4213 ut
964 4156 1022 4212 uid.
1040 4158 1121 4225 eras.)
1140 4157 1169 4212 D
1274 4159 1306 4213 18
1323 4156 1402 4212 dimi-

278 4263 414 4317 nutionem
437 4262 509 4318 D¹X
611 4262 645 4317 26
668 4262 817 4331 dignitates
838 4261 879 4316 1>¹
980 4232 1108 4316 oben-tire
1131 4259 1161 4313 D
1192 4266 1255 4327 post
1279 4258 1401 4315 obtinere

277 4347 309 4401 iu
324 4347 391 4403 DX
407 4364 468 4418 cup.
485 4349 596 4404 tertium
613 4348 712 4417 despit
