3009 5200
471 412 632 468 Oculatis
655 413 727 480 XVI,
745 414 839 469 8-12.
1149 418 1212 485 447

98 602 174 665 lum
195 600 316 679 lucis,
339 605 375 665 ut
397 600 560 667 obscuram
583 619 619 666 ac
640 604 774 669 taetram
796 602 962 687 caliginem
985 624 1131 671 sensuum
1154 624 1208 689 pro

98 721 167 767 uero
197 702 345 769 scientiae
373 703 493 769 lumine
514 702 727 769 fraudulenter
752 702 902 769 offundat.
939 705 991 788 qui
1014 707 1074 771 nisi
1096 707 1210 775 humili

97 809 125 870 ot
144 808 309 899 mansueto
330 807 419 871 corde
433 806 570 887 suscepti
590 806 794 871 maturissimi
809 805 917 871 fratris
933 810 983 872 uei
997 808 1210 891 probatissimi

96 912 225 977 senioris
246 911 440 977 reseruentnr
466 910 599 977 examini
614 913 645 975 et
660 929 765 979 coram
780 910 893 977 iudicio
910 911 1076 995 diiigenter
1092 912 1210 980 excumsi

79 1014 148 1079 sant
168 1015 343 1081 abiciantur
364 1018 419 1080 aut
440 1015 627 1097 recipiantur
650 1012 788 1091 anobis,
818 1014 884 1081 sine
911 1016 1003 1081 dubio
1026 1021 1209 1083 uenerantes

94 1116 125 1181 in
146 1118 388 1201 cogitationibus
407 1117 522 1183 nostris
544 1136 599 1199 pro
620 1118 729 1201 angelo
752 1119 831 1183 lucis
852 1118 997 1201 angelum
1013 1118 1210 1185 tenebrarum

1 1253 2 1258 =
92 1218 278 1301 grauissimo
300 1220 448 1285 feriemur
470 1219 609 1285 interitu.
648 1238 742 1303 quam
768 1219 937 1301 perniciem
958 1220 1139 1303 inpossibile
1161 1224 1209 1287 est

93 1322 224 1387 euadere
245 1323 423 1405 quempiam
443 1321 557 1387 indicio
579 1323 702 1406 proprio
717 1322 930 1403 confidentem,
945 1322 1006 1388 nisi
1020 1324 1209 1391 humilitatis

91 1443 184 1491 uerae
205 1427 327 1491 amator
348 1428 380 1491 et
399 1426 557 1493 emocutor
578 1424 704 1491 effectus
719 1425 799 1491 illud
814 1426 895 1508 qnod
909 1428 1064 1511 apostolus
1079 1444 1208 1511 magno-

62 1547 163 1611 apere
192 1530 376 1612 deprecatur
405 1529 490 1595 omni
519 1529 705 1595 contritione
734 1530 834 1595 cordis
863 1529 1047 1613 inpleuerit:
1077 1532 1110 1596 si
1136 1534 1238 1614 quad

91 1650 183 1717 crgo
228 1633 446 1699 consolatio
490 1631 531 1696 in
574 1630 755 1709 christo,
797 1633 831 1697 si
875 1631 974 1715 quod
1016 1632 1207 1700 solacium

92 1736 295 1821 caritatis,
329 1736 361 1802 si
390 1755 462 1820 qua
490 1739 648 1801 uiscera
669 1737 706 1799 et
728 1732 1024 1815 miserationes,
1055 1735 1209 1819 inplete

90 1839 277 1921 gandium
308 1858 445 1917 meum,
479 1837 521 1903 ut
554 1838 652 1903 idem
685 1836 873 1921 sapiatis,
915 1839 1074 1904 eandem
1111 1838 1208 1905 cari-

90 1944 214 2007 tatem
246 1940 449 2023 habentes,
481 1938 703 2022 unanimes,
736 1938 775 2003 id
807 1941 935 2023 ipsum
968 1940 1207 2025 sentientes,

60 2043 198 2109 anihil
218 2061 285 2126 per
306 2042 602 2107 contentionem
625 2059 746 2123 neque
768 2060 834 2123 per
850 2042 1006 2107 inanem
1022 2043 1207 2125 gloriam,

90 2149 156 2211 ssd
185 2146 228 2209 in
258 2144 482 2211 humilitate
503 2144 727 2226 superiores
747 2144 946 2211 nobismet
967 2145 1066 2229 ipsis
1090 2145 1207 2212 alter-

87 2254 220 2314 utrum
263 2248 530 2326 arbitrantes,
576 2251 607 2311 et
642 2246 738 2312 iilud:
783 2246 927 2314 honore
970 2249 1206 2315 alterutrum

88 2354 411 2435 praemunientes,
434 2349 561 2433 utplus
592 2350 802 2434 unusquisque
829 2351 962 2416 consorti
983 2367 1037 2416 suo
1060 2350 1207 2418 scientiae

89 2457 121 2520 et
142 2454 324 2521 sanctitatis
345 2454 522 2521 adscribens
538 2472 693 2519 summam
709 2451 908 2519 discretionis
924 2473 1014 2519 uerae
1029 2452 1063 2517 in
1078 2453 1206 2520 alterius

59 2558 191 2642 armagis
214 2576 309 2642 quam
330 2574 386 2623 suo
409 2556 517 2624 credat
538 2559 621 2623 stare
642 2554 769 2622 iudicio.

129 2661 206 2728 XII.
229 2659 327 2744 Saepe
355 2665 461 2726 autem
483 2660 598 2726 accidit
619 2663 686 2726 siue
707 2659 862 2725 inlusione
884 2658 1001 2725 diaboli
1022 2661 1087 2726 siue
1109 2661 1205 2726 inter·

88 2783 177 2830 cessa
208 2763 319 2829 erroris
348 2763 486 2845 hnmani,
518 2782 578 2848 quo
607 2764 712 2828 nullus
741 2765 790 2828 ast
812 2762 845 2828 in
867 2763 925 2828 hac
947 2780 1039 2828 carne
1062 2763 1116 2847 qui
1137 2765 1206 2830 salli

89 2869 176 2934 uelut
197 2869 289 2934 homo
312 2885 374 2931 non
394 2868 503 2951 possit,
526 2869 562 2931 ut
585 2869 615 2932 et
636 2866 691 2931 iile
706 2865 865 2932 interdum
881 2866 933 2949 qui
946 2865 1074 2932 sonoris
1088 2867 1206 2952 ingenii

87 2971 294 3054 scientiaeque
328 2962 461 3034 maioris
487 2973 535 3034 est
564 2968 681 3053 aliquid
711 2969 826 3035 falsum
855 2974 959 3035 mente
989 2971 1151 3052 concipiat,
1174 2973 1206 3036 et

59 3074 142 3139 silla
164 3073 220 3156 qui
242 3072 386 3138 tardioris
408 3073 525 3155 ingenii
549 3091 585 3138 ac
606 3072 733 3138 minoris
760 3075 808 3137 est
831 3072 935 3137 meriti
958 3073 1070 3138 rectius
1085 3073 1205 3157 aliquid

89 3178 257 3257 neriusque
278 3175 478 3260 praesentiat.
516 3181 547 3240 et
569 3175 683 3241 idcirco
709 3175 815 3241 nullus
838 3175 898 3240 sibi
920 3177 1062 3259 quamuis
1076 3176 1206 3243 scientia

87 3280 249 3362 praeditus
286 3281 372 3344 inani
408 3282 530 3344 tumore
565 3279 753 3361 persuadeat
789 3279 869 3362 quod
901 3279 998 3362 possit
1034 3279 1205 3345 conlatione

87 3383 220 3449 alterius
242 3402 301 3448 non
335 3401 434 3466 egero.
471 3403 542 3448 nam
568 3383 689 3448 etiamsi
713 3382 864 3448 iudicium
886 3385 951 3447 eius
974 3382 1125 3448 diabolica
1145 3399 1205 3448 non

190 3563 226 3616 10
241 3561 313 3616 Phil.
330 3562 355 3625 2,
375 3563 442 3616 1-3
545 3563 577 3616 11
594 3563 671 3616 Bom-
688 3562 730 3627 12,
748 3562 784 3616 10

136 3727 152 3779 1
170 3728 285 3780 taetram
302 3726 346 3779 11:
371 3728 471 3778 tetram
488 3726 517 3776 Σ
523 3726 577 3778 TO
667 3724 889 3780 21ηιιι1ιι1οι11ιιι
905 3723 944 3775 111
970 3723 1151 3779 draudolenter
1168 3725 1204 3776 rs

87 3843 136 3882 oss.
160 3829 191 3880 Σ
293 3828 412 3883 mandat
434 3831 463 3881 Σ
468 3829 509 3880 1Ρ
538 3827 656 3882 offendat
680 3828 705 3881 Ο
806 3827 825 3882 4
841 3827 955 3882 seriores
971 3825 1011 3879 11ι
1113 3826 1129 3880 1
1143 3829 1206 3894 port

86 3915 249 3968 interituris
266 3915 325 3967 ΣΥ
339 3920 391 3970 cet:
416 3913 458 3970 XI
554 3915 651 3982 paruit.
669 3915 699 3965 Π
798 3913 815 3966 9
832 3914 953 3967 executor
971 3911 996 3965 Ο
1093 3910 1125 3963 11
1143 3925 1205 3964 con·

84 4000 185 4055 solatio
205 4000 246 4052 11¹
347 4002 381 4054 12
398 4001 500 4056 uiscera
516 3999 698 4056 miserationis
717 4002 760 4054 Pa
863 3999 896 4054 15
918 3997 1087 4051 contentione
1107 3995 1139 4048 Π

87 4085 120 4138 lc
135 4086 164 4140 in
182 4101 234 4140 om.
252 4087 307 4140 20
391 4087 573 4140 humilitatem
590 4086 629 4138 11¹
716 4087 747 4140 17
765 4084 863 4138 honore
876 4086 968 4138 mutuo
985 4082 1037 4136 ΤΟ
1122 4082 1204 4136 altor·

87 4173 177 4236 utrum
192 4187 244 4224 ora.
263 4170 288 4224 0
391 4172 423 4226 19
440 4187 544 4226 summa
560 4171 591 4224 11
690 4171 725 4224 20
741 4186 822 4240 quam
839 4170 868 4224 in
886 4171 931 4224 Po
1032 4167 1064 4220 21
1089 4167 1146 4222 siue
1163 4167 1205 4224 in·

86 4255 189 4312 tusioae
206 4257 308 4312 diaboli
325 4273 377 4314 aaa.
393 4260 419 4309 Τ
517 4257 551 4311 22
572 4258 637 4328 quo]
654 4257 724 4328 qnod
747 4257 773 4312 0
874 4257 909 4310 26
926 4253 1072 4324 persentiat
1090 4254 1137 4308 Oc

87 4343 180 4410 anama
196 4343 228 4394 Π
327 4343 361 4396 21
378 4344 409 4398 iu
427 4343 569 4398 wilaticae
588 4346 613 4396 Y
