3009 5200
294 412 359 478 270
678 410 846 466 Iohannis
868 410 1026 467 Cassiani

296 604 327 665 te
349 601 382 664 et
402 600 436 665 in
458 600 564 667 futuro
586 620 651 667 esse
673 604 905 687 praestandum,
935 602 990 669 sed
1011 618 1154 686 rogamus
1177 604 1213 665 ut
1235 616 1306 665 cum
1324 596 1413 665 nobis

290 701 387 769 bodie
420 702 571 788 largiaris,
606 703 679 786 quie
711 705 774 769 nisi
807 723 877 771 eum
909 704 1067 787 percipere
1100 704 1170 786 quis
1198 703 1231 767 in
1258 701 1315 765 hac
1347 700 1415 765 uita

297 804 455 881 meruerit,
478 806 511 870 in
533 806 590 872 ille
612 808 676 873 eius
697 808 853 891 particeps
876 826 942 873 esse
964 825 1024 873 non
1045 807 1169 891 poterit.

339 923 439 990 XXII.
462 925 509 989 Et
531 926 690 993 dimitte
710 926 825 993 nobis
848 927 982 994 debita
1003 927 1136 992 nostra
1157 924 1265 991 sicut
1287 926 1415 989 atnoe

298 1027 542 1094 dimittimus
575 1027 823 1096 debitoribus
855 1031 1016 1097 nostris.
1055 1027 1259 1097 oinedabilis
1284 1027 1415 1093 deiole·
1442 1046 1457 1085 e

299 1132 426 1209 mentia,
453 1150 531 1215 quae
557 1151 619 1197 non
650 1134 752 1199 solnm
781 1133 870 1199 nobis
899 1133 1047 1199 orationis
1076 1132 1206 1199 tradidit
1229 1131 1362 1199 sormam
1383 1132 1417 1197 et

298 1236 520 1317 acceptabilem
549 1234 612 1301 eibi
640 1255 761 1301 morum
788 1240 962 1303 nostrorum
991 1234 1132 1301 instituit
1160 1234 1359 1317 disciplinam
1382 1250 1418 1297 ao

300 1354 353 1419 per
375 1338 591 1405 necessitatem
613 1340 747 1405 traditae
775 1339 936 1419 formulae,
966 1358 1027 1422 qua
1048 1357 1081 1403 so
1110 1340 1265 1423 praecepit
1288 1356 1307 1403 a
1329 1336 1419 1403 nobis

300 1458 420 1523 semper
452 1441 544 1521 orari,
578 1443 642 1507 irae
674 1443 856 1526 pariterue
885 1444 1031 1509 tristitiae
1064 1441 1174 1507 euellit
1206 1441 1333 1519 radices,
1362 1438 1420 1505 sod

300 1544 397 1609 etiem
419 1545 607 1612 occasionem
630 1548 811 1633 rogantibus
841 1547 952 1613 tribuit
974 1546 1079 1629 eisque
1100 1548 1217 1611 reseret
1238 1545 1334 1619 uiam,
1357 1562 1462 1626 qnare

301 1646 437 1712 clemens
458 1668 493 1714 ao
515 1652 601 1732 pium
624 1670 698 1735 erga
718 1670 752 1716 se
775 1652 944 1733 prouooent
973 1651 1022 1715 dei
1045 1649 1195 1715 iudicium
1217 1646 1419 1731 promulgari,

301 1755 333 1813 et
355 1750 578 1831 quodammodo
599 1755 785 1835 potestatem
808 1755 921 1819 tribuit
944 1772 1004 1835 que
1025 1752 1137 1818 iudicis
1151 1753 1250 1817 nostri
1264 1750 1422 1835 possimus

301 1854 488 1919 sententiam
504 1859 685 1939 temperare,
701 1859 739 1922 ed
755 1858 878 1923 ueniam
895 1857 1077 1921 delictorum
1092 1860 1265 1923 nostrorum
1280 1852 1420 1935 exemplo

302 1973 374 2020 eum
403 1961 526 2023 nostrae
553 1960 745 2027 remissionis
775 1965 923 2039 nutantes,
955 1961 1029 2027 dum
1059 1960 1203 2025 dicimns‘
1220 1958 1265 2023 ei:
1295 1954 1422 2023 dimitte

272 2056 390 2124 anobis
412 2060 495 2125 siem
517 2066 548 2127 et
569 2081 625 2128 nos
653 2064 836 2129 dimisimus.
873 2065 978 2147 itaque
1009 2081 1135 2129 securus
1157 2062 1250 2127 huius
1273 2060 1423 2125 orationis
1436 2084 1464 2123 ra

302 2160 415 2228 fiducia
443 2167 480 2230 de
508 2166 572 2231 suis
601 2168 746 2233 admissis
768 2168 891 2233 neniam
913 2168 1094 2250 postulabit,
1121 2166 1250 2247 quisque
1272 2163 1423 2227 remissus

303 2283 376 2347 erga
403 2286 475 2332 snos
498 2270 680 2355 dumtaxat·
702 2289 763 2337 non
786 2290 859 2354 erga
881 2271 999 2337 domini
1025 2270 1074 2334 sui
1096 2270 1235 2335 extiterit
1258 2265 1423 2333 debitores.

302 2369 437 2435 solemus
460 2374 574 2437 etenim
598 2373 748 2459 nonnulli,
773 2373 853 2459 quod
875 2379 923 2439 est
945 2374 1090 2451 deterius,
1121 2370 1273 2457 erga-illa
1295 2367 1423 2451 quidem

303 2491 382 2556 qnae
412 2475 622 2541 admittuntur
652 2477 691 2541 ed
720 2477 867 2541 iniuriam
897 2476 958 2555 dei,
989 2475 1131 2559 quemuuis
1153 2491 1337 2559 magnorum
1359 2472 1425 2537 sint

303 2575 479 2656 criminum,
501 2579 639 2662 placidos
662 2598 717 2646 noe
739 2582 772 2647 ot
794 2579 1049 2646 clementissimos
1080 2577 1232 2656 exhibere,
1264 2593 1337 2659 erga
1366 2592 1467 2642 no-ec

303 2685 438 2746 stramm
460 2700 532 2748 uero
555 2685 606 2750 uel
629 2683 887 2768 paruissimernm
910 2684 1112 2750 offensionum
1141 2682 1245 2748 debite
1267 2679 1427 2744 exactores

273 2783 431 2850 3inmites
453 2791 546 2869 atquc
561 2786 763 2854 inexorabiles
778 2788 923 2853 inueniri.
958 2787 1099 2870 quisquis
1115 2785 1213 2869 igitur
1228 2785 1260 2850 in
1275 2801 1309 2850 aa
1323 2780 1428 2848 delin-

304 2888 410 2970 quenti
438 2889 528 2954 sratri
557 2909 617 2956 non
647 2911 683 2955 ex
712 2891 802 2956 corda
832 2891 997 2974 remiserit,
1027 2907 1087 2954 non
1111 2887 1348 2970 indulgentiam,
1370 2882 1428 2949 sed

304 2992 595 3058 condemnationem
628 2995 841 3077 deprecatione
870 2995 930 3060 bac
952 2995 1077 3060 sibimet
1104 2991 1281 3076 inpetrabit,
1309 3005 1429 3070 suaque

304 3094 491 3177 professione
514 3101 613 3162 semet
634 3096 739 3181 ipsum
760 3102 865 3182 poscet
889 3099 987 3164 dirius
1010 3095 1143 3164 iudicari
1160 3095 1282 3162 dicensi
1297 3091 1471 3157 remittens

306 3198 383 3288 mibi
420 3199 500 3264 siout
533 3201 566 3266 et
598 3220 655 3284 ego
689 3201 805 3266 remisi.
842 3205 923 3284 quod
957 3219 1028 3266 oum
1062 3199 1111 3264 illi
1139 3199 1307 3264 secundnm
1334 3212 1428 3260 suam

307 3299 490 3383 petitionem
513 3303 609 3368 fuerit
629 3308 837 3388 repensatum,
865 3303 938 3387 quid
961 3303 1047 3368 atiud
1062 3303 1265 3384 subsequetur
1279 3315 1374 3382 qnam
1391 3300 1430 3362 ut

307 3405 444 3487 exemplo
474 3424 530 3472 sno
560 3407 742 3489 inplacabili
770 3409 817 3472 ira
839 3411 870 3472 et
892 3407 1056 3473 inremissa
1077 3403 1233 3470 sententia
1254 3401 1430 3486 puniatur?

407 3611 427 3666 4
443 3609 494 3664 nt.
513 3609 538 3674 6,
557 3609 590 3663 12

361 3800 450 3856 dulia
467 3799 498 3855 X
597 3799 745 3856 4demitte
762 3801 830 3856 ΒΨ
926 3799 1121 3855 5dibitoribus
1143 3797 1178 3853 V¹
1279 3793 1436 3851 dtradedit

309 3887 351 3943 D¹
437 3887 536 3958 inibi]
554 3887 608 3942 sibi
625 3889 654 3942 in
672 3887 748 3942 nobis
772 3887 826 3944 ΟΧ
909 3887 991 3956 8pro
1009 3887 1039 3942 D
1123 3889 1280 3943 necessitato
1296 3883 1364 3940 D¹O

311 3974 442 4029 turmulao
459 3972 497 4028 V¹
586 3975 745 4030 dorareD¹
838 3975 917 4029 euelli
934 3975 968 4030 0²
1061 3977 1090 4030 11
1110 3975 1223 4028 ulemnue
1234 3974 1275 4028 D'
1301 3971 1437 4026 clementi

310 4059 353 4115 D·
437 4059 606 4114 iuditiumV
690 4063 722 4115 12
734 4077 872 4130 possumus
887 4061 937 4117 ΥΡ
1023 4061 1055 4116 14
1067 4061 1178 4115 demitto
1189 4059 1259 4114 D¹P
1345 4057 1378 4111 15
1391 4054 1437 4109 di-

310 4147 448 4202 mittimus
465 4144 582 4203 D²OPo
669 4149 702 4202 18
719 4147 943 4218 quecquidemO
1031 4145 1162 4215 diedone
1177 4143 1229 4200 VP
1311 4141 1437 4197 inuenire

311 4233 354 4287 D¹
439 4234 474 4288 24
491 4234 638 4303 inpetrauit
648 4233 706 4288 DP
791 4235 826 4289 25
844 4236 932 4304 poscet
945 4233 1008 4289 OX:
1035 4235 1121 4302 poscit
1136 4229 1217 4288 VDP
1298 4228 1332 4284 26
1350 4229 1436 4296 dont]

311 4357 376 4409 eunt
387 4354 429 4409 D¹
442 4360 541 4423 (maen
552 4371 586 4412 ea
597 4355 756 4424 compendio
768 4328 790 4422 b
880 4354 914 4410 21
926 4355 996 4410 enine
1013 4354 1039 4409 V
1126 4351 1296 4422 subsequitur
1308 4347 1366 4404 DP
