3009 5200
286 403 326 470 88
676 404 840 458 Iohannis
859 403 1018 458 Cassiani

253 594 549 676 4quian0nest
573 555 887 657 infortitudine
916 593 1056 674 potens
1080 594 1152 658 uir.
1189 594 1311 675 oportet
1333 610 1413 675 ergo

283 715 338 760 nos
367 715 488 778 semper
516 715 585 761 cum
615 695 705 760 beato
735 696 837 760 Dauid
866 714 988 760 canere:
1018 694 1217 760 fortitudo
1246 713 1348 773 mea,
1371 700 1412 760 et

283 799 460 864 laudatio
494 818 578 864 mea
607 817 666 863 non
695 798 830 864 liberum
858 797 1033 877 arbitrium,
1062 799 1116 863 sed
1144 799 1343 864 dominus:
1371 807 1411 864 et

283 901 413 967 factus
436 905 495 966 ost
517 901 609 966 mihi
633 903 670 967 in
694 899 872 965 salutem.
907 903 988 982 quod
1004 900 1110 965 doctor
1126 918 1246 985 quoque
1263 901 1409 985 gentium

282 1022 343 1069 uon
369 1005 514 1088 ignorans
542 1005 686 1070 idoneum
712 1023 745 1068 se
774 1002 891 1068 factum
920 1003 1094 1068 ministerio
1118 1006 1190 1068 noni
1223 1005 1448 1071 testamentis

282 1127 342 1172 non
368 1125 424 1172 suo
452 1108 563 1172 morito
592 1126 649 1172 nec
678 1106 798 1190 sudore,
826 1109 879 1171 sed
908 1107 956 1170 dei
983 1107 1193 1190 miseratione,
1216 1109 1407 1190 proclamat:

283 1228 358 1274 non
387 1213 486 1292 quod
513 1212 647 1287 simus,
678 1210 791 1292 inquit,
822 1209 952 1275 idonei
978 1210 1163 1293 cogitare
1185 1210 1341 1294 aliquid
1365 1231 1408 1275 ex

282 1313 397 1378 nobis
421 1314 531 1396 quasi
555 1333 573 1378 a
595 1313 721 1395 nobis,
748 1317 812 1378 sed
835 1313 1090 1378 sufficientia
1113 1315 1249 1378 nostra
1271 1333 1314 1378 ex
1336 1317 1406 1378 deo

283 1419 352 1482 est.
390 1417 470 1498 qnod
501 1417 604 1482 minus
627 1417 745 1493 Latine,
770 1418 821 1481 sed
846 1416 1019 1498 expressius
1042 1416 1105 1482 dici
1128 1420 1245 1500 potest:
1269 1417 1406 1481 idonitas

281 1520 388 1584 nostra
416 1539 451 1583 ex
482 1521 537 1584 deo
568 1521 623 1583 est.
662 1519 793 1600 denique
820 1519 977 1601 sequitur:
1005 1520 1070 1601 qui
1097 1523 1137 1584 et
1159 1519 1314 1584 idoneos
1337 1537 1444 1588 nosre

282 1623 381 1687 fecit
402 1625 609 1688 ministros
632 1622 721 1687 noui
749 1622 994 1687 testamenti.

323 1740 406 1806 XVI.
431 1741 469 1804 In
491 1743 615 1806 tautum
637 1745 741 1807 autem
763 1742 907 1808 uniuersa
929 1762 1008 1825 quae
1030 1743 1070 1809 ad
1092 1742 1226 1807 salutem
1248 1743 1405 1825 pertinent

282 1845 414 1926 apostoli
436 1844 564 1909 sibimet
588 1863 606 1909 a
628 1846 753 1911 domino
776 1845 893 1930 largita
915 1847 1086 1925 senserunt,
1110 1848 1146 1910 ut
1168 1847 1266 1928 ipsam
1282 1862 1403 1928 quoque

280 1947 373 2012 fidem
408 1948 557 2029 praestari
591 1949 651 2012 sibi
680 1967 699 2014 a
727 1949 850 2014 domino
887 1950 1083 2032 postularent
1118 1949 1274 2015 dicentes:
1307 1946 1403 2011 addc

280 2051 391 2115 nobis
415 2051 549 2126 fidem,
573 2050 799 2132 plenitudinem
828 2054 893 2116 eius
916 2070 977 2116 non
999 2052 1096 2116 libero
1120 2050 1250 2115 arbitrio
1273 2069 1440 2133 praesu-15

279 2158 408 2237 mentes,
433 2157 485 2220 sed
508 2155 558 2219 dei
580 2153 642 2218 sibi
665 2156 822 2219 credentes
853 2173 978 2219 munere
1008 2153 1233 2218 conferendam.
1271 2154 1401 2234 denique

280 2259 367 2324 docet
389 2276 444 2323 nos
467 2258 549 2323 idem
571 2259 678 2323 auctor
699 2257 811 2323 salutis
833 2259 994 2332 humanae,
1012 2276 1106 2340 quam
1122 2258 1190 2340 ipsa
1203 2256 1280 2321 fides
1296 2260 1402 2322 nostra

279 2363 398 2428 lubrica
420 2361 462 2426 sit
484 2365 514 2427 ot
537 2361 662 2426 infirma
684 2364 715 2425 et
738 2380 932 2444 nequaquam
955 2361 1014 2426 sibi
1037 2361 1206 2440 sufficiens,
1227 2361 1288 2425 nisi
1309 2361 1402 2424 fuerit

278 2466 391 2530 auxilio
414 2465 530 2531 domini
553 2464 706 2540 roborata,
730 2465 835 2529 dicens
859 2463 898 2529 ad
920 2465 1068 2530 Petrum:
1098 2463 1232 2528 Simon
1255 2461 1400 2541 Simon,

279 2587 366 2635 ecce
401 2568 568 2635 Satanas
599 2568 798 2652 erpetiuit
828 2586 895 2633 uos
924 2572 966 2633 ut
996 2567 1194 2634 cribraret
1219 2585 1286 2633 uos
1309 2569 1440 2636 tam-so

279 2692 390 2756 quam
423 2673 618 2738 triticum:
650 2673 716 2737 sed
748 2692 816 2757 ego
847 2672 985 2755 rogaui
1015 2677 1165 2754 patrem
1195 2690 1334 2749 meum,
1357 2690 1401 2736 ne

248 2777 476 2843 ‘adeficeret
509 2778 612 2842 fides
647 2781 722 2841 tua.
760 2782 840 2860 quod
871 2780 951 2843 alius
981 2779 1014 2843 in
1042 2780 1140 2841 semet
1169 2778 1236 2859 ipso
1262 2775 1398 2841 sentiens

277 2880 343 2945 fieri
365 2884 395 2945 et
418 2882 641 2962 quodammodo
664 2880 757 2945 fidem
780 2900 866 2945 suam
889 2880 1082 2946 infidelitatis
1104 2879 1251 2945 fluctibus
1275 2880 1314 2945 ad
1332 2895 1400 2961 per-

278 2980 389 3047 niciosi
400 2984 557 3067 naufragii
569 2984 680 3048 uidens
692 2984 835 3065 scopulos
850 2986 1032 3067 perurgueri
1045 2988 1083 3049 ad
1096 2984 1228 3048 eundem
1240 2983 1400 3048 dominum

278 3084 427 3149 auxilium
456 3084 526 3149 fidei
556 3104 629 3149 suae
657 3086 820 3167 postulans
848 3086 937 3150 dicit:
968 3087 1136 3167 domine,
1167 3085 1313 3151 adiuua
1346 3086 1439 3151 inse

380 3304 697 3373 lIReg.2,9(LXX)
802 3304 882 3359 21²³.
900 3307 957 3370 117,
976 3307 1010 3360 14
1112 3304 1256 3361 711001.
1274 3304 1335 3370 3,5

278 3391 311 3445 10
334 3392 426 3445 Lc6
531 3392 562 3445 14
585 3393 648 3446 Luc
673 3392 750 3459 17,5
855 3393 887 3445 19
910 3392 973 3449 Luc.
996 3393 1038 3457 22,
1056 3392 1159 3446 31-32
1261 3390 1296 3445 25
1319 3390 1400 3443 Marc.

277 3476 300 3543 9,
319 3476 353 3531 23

328 3682 342 3734 1
368 3677 558 3736 tortitudinem
582 3682 616 3737 W
716 3682 733 3735 3
758 3686 786 3735 et
808 3688 873 3736 onte
898 3680 985 3736 factus
1009 3698 1060 3735 om.
1084 3683 1123 3738 W
1222 3682 1291 3735 4in
1315 3680 1400 3735 salute

278 3768 301 3823 0
403 3768 488 3838 ique
506 3768 547 3823 D¹
644 3767 739 3837 inquid
756 3766 894 3824 DWPX¹
995 3766 1099 3835 tquod
1117 3767 1208 3821 minna
1217 3804 1294 3821 .....
1304 3782 1335 3820 ex
1351 3765 1400 3821 deo

277 3855 318 3906 est
336 3868 415 3907 aoso
432 3854 465 3907 ier
481 3854 512 3908 D
607 3854 669 3921 pote
688 3856 728 3907 est
748 3852 771 3909 0
866 3852 986 3907 idonitas
1008 3850 1138 3907 WOPX:
1167 3850 1332 3906 idoneitate

277 3938 311 3992 14
329 3942 444 4008 prestare
462 3940 504 3995 1]ι
602 3938 652 3993 diie
664 3938 730 3993 adde
743 3939 804 4006 (dne
816 3939 851 3995 ad
862 3940 961 3994 iarae-
973 3955 1007 3993 m.
1019 3939 1050 4007 2)
1062 3938 1092 3992 D
1119 3938 1225 3993 demine
1236 3954 1332 4007 augeo

278 4058 310 4113 16
327 4033 488 4144 οοιιίοτοιιτᾷε
509 4060 546 4116 W
574 4060 776 4115 conferendao
878 4060 911 4113 17
929 4062 1023 4113 auctor
1039 4056 1111 4113 idern
1127 4058 1159 4112 D
1255 4059 1289 4113 19
1306 4073 1401 4127 symon

276 4176 368 4230 symon
390 4162 455 4218 WP
553 4163 589 4217 20
605 4180 654 4218 uos
672 4164 924 4217 ostentaretur
940 4162 970 4216 D
1068 4160 1200 4215 crebraret
1222 4161 1260 4217 W
1286 4160 1401 4215 cribaret

277 4248 299 4302 0
384 4263 431 4302 uos
448 4248 541 4303 om.0
634 4248 668 4303 29
686 4248 806 4303 dificeret
828 4249 867 4304 W
950 4248 1017 4303 alios
1037 4246 1141 4303 W¹OP
1231 4247 1266 4302 24
1282 4248 1400 4317 seopelos

277 4332 340 4390 WO
440 4349 598 4402 perurguere
616 4334 645 4387 D
673 4334 811 4403 perurgeri
828 4332 886 4387 PX
