3009 5200
508 452 667 508 Conlatio
689 454 777 519 XXII.
798 456 904 509 lii-15.
1200 462 1263 529 635

187 642 257 708 XV.
289 660 489 709 esaunnvs:
518 641 613 707 Multi
643 642 724 707 huno
753 644 884 726 apostoli
916 645 1017 710 locum
1048 647 1094 711 ita
1119 646 1261 731 intellegi
1364 672 1368 683 ·

146 745 257 811 debere
278 733 442 820 deliniunt,
466 749 501 812 ut
524 746 582 811 lrcc
604 765 674 811 eum
705 764 766 811 non
789 766 825 811 ex
847 766 912 821 sue,
936 749 989 813 sed
1012 767 1047 813 ex
1070 750 1262 831 peccantium

144 867 275 943 persona
296 850 409 916 dixisse
431 849 622 929 confirmant,
646 868 752 916 eorum
782 850 899 915 scilieet
930 853 981 933 qui
1004 852 1143 925 uolentes
1165 855 1263 922 semet

145 950 266 1035 ipsoc‘a
279 954 488 1035 corporalibus
501 953 664 1020 inlecebris
679 957 711 1018 ct
726 953 942 1035 uoluptatibus
954 956 1107 1019 abstinere
1120 956 1262 1023 obstricti

121 1056 234 1121 initiis
255 1056 398 1140 pristinis
418 1059 450 1123 ct
467 1056 685 1123 oblectatione
716 1057 889 1123 carnalium
911 1058 1089 1138 passionum
1113 1061 1262 1141 captiueti

144 1164 245 1224 semet
273 1161 357 1243 ipsos
386 1160 530 1225 cohibere
559 1179 619 1225 non
648 1164 788 1241 possunt,
812 1162 885 1225 dum
909 1160 1020 1227 inolita
1042 1164 1261 1230 consuetudine

144 1261 296 1327 uitiorum
319 1264 406 1329 uelut
429 1264 533 1329 inmiti
555 1264 686 1347 quadarn
709 1264 885 1345 tyrannidis
901 1263 1111 1329 dominatione
1127 1267 1261 1349 depressi

144 1364 185 1429 ad
206 1365 384 1431 libertatem
407 1367 573 1450 pudicitiae
597 1369 748 1448 respirare
764 1385 822 1431 non
840 1371 976 1449 possunt.
1014 1368 1163 1450 quomodo
1179 1364 1291 1439 enim2

144 1468 236 1533 beato
265 1470 414 1554 apostolo,
447 1488 537 1551 quem
560 1472 599 1533 ad
621 1488 778 1533 summum
802 1469 997 1551 perfectionis
1020 1471 1115 1535 totius
1138 1470 1261 1535 culmen

107 1596 135 1635 1o
144 1575 264 1635 certum
287 1576 335 1636 est
357 1572 542 1654 peruenisse,
564 1572 645 1635 illud
668 1572 782 1654 poterit
797 1573 961 1637 conuenire
976 1572 1056 1655 quod
1073 1573 1166 1637 dicit:
1189 1592 1260 1638 non

144 1674 246 1739 euim
267 1677 366 1755 quod
389 1674 475 1740 uolb
498 1674 603 1739 facio
625 1674 780 1757 bonum,
804 1674 868 1739 sed
891 1674 993 1758 quod
1017 1676 1079 1740 odi
1102 1676 1260 1754 malurn,

144 1776 214 1841 bec
234 1796 320 1861 ago,
336 1778 415 1843 illud
431 1781 525 1844 etiam
541 1780 622 1861 quod
637 1776 817 1861 subiungit:
831 1778 863 1842 si
880 1778 1008 1843 autam
1032 1778 1131 1861 quod
1154 1780 1259 1861 nolo,

142 1878 215 1943 hoo
235 1898 320 1962 age,
343 1880 420 1948 iam
443 1900 517 1945 non
540 1899 609 1963 ego
631 1880 888 1965 operorillud
904 1880 969 1945 sed
986 1880 1261 1963 quodhabitat

143 1984 182 2067 ip
202 2001 258 2046 me
280 1987 495 2067 peccatum,
518 2002 572 2050 neo
594 2000 654 2047 non
677 1984 860 2049 etiamhoe:
884 1984 1137 2049 condelector
1159 1985 1260 2049 enim

104 2086 227 2169 mlegi
263 2088 325 2152 dei
362 2090 572 2153 secundum
615 2076 847 2151 interiorem
891 2088 1098 2165 hominem,
1144 2087 1260 2173 uideo

143 2194 272 2255 autem
295 2191 411 2255 aliam
445 2190 566 2272 legem
587 2188 626 2253 in
648 2188 828 2253 membris
858 2191 951 2253 meis
981 2190 1258 2271 repugnantem

143 2292 226 2374 legi
247 2292 393 2357 mentis
416 2310 521 2357 meac
543 2296 580 2356 et
606 2291 807 2374 captiuum
830 2310 886 2356 me
902 2291 1156 2356 ducentemin
1173 2292 1259 2373 lege

142 2396 294 2477 peccati
317 2396 415 2478 quod
438 2399 493 2459 est
516 2396 553 2458 in
581 2395 765 2459 membris
788 2396 904 2459 meis?
927 2395 960 2457 in
983 2380 1041 2476 quo
1064 2394 1162 2477 igitur
1184 2394 1289 2461 haectl

141 2514 287 2578 personae
309 2503 438 2580 possunt
461 2498 590 2579 apostoli
615 2496 777 2579 coaptari?
807 2498 879 2579 quid
909 2498 989 2561 onim
1014 2498 1062 2560 est
1083 2496 1155 2561 boni
1178 2500 1258 2579 quod

102 2584 197 2671 soille
226 2620 285 2666 non
315 2603 454 2683 potuerit
481 2603 608 2684 inplere,
639 2604 670 2665 et
692 2620 708 2665 e
731 2602 884 2666 contrario
914 2600 986 2682 quid
1011 2598 1091 2665 illud
1115 2586 1161 2665 est
1184 2603 1258 2665 mali

141 2703 223 2784 quod
244 2707 349 2768 nolens
371 2712 403 2768 et
424 2704 530 2770 odiens
545 2705 652 2771 tamen
667 2709 795 2787 cogente
812 2708 923 2770 natura
938 2703 1056 2768 inuitus
1072 2705 1257 2769 admiserit?

141 2805 180 2870 ad
211 2824 302 2888 quam
331 2826 404 2872 uero
433 2808 551 2890 peccati
582 2808 682 2890 legem
705 2807 864 2872 electionis
889 2825 954 2879 uos,
982 2808 1012 2870 in
1036 2823 1094 2887 que
1118 2805 1258 2870 Christus

141 2907 285 2974 dominus
307 2909 500 2992 loquebatur,
523 2912 627 2992 potuit
648 2911 789 2992 captiuus
812 2909 943 2974 abduci?
967 2909 1019 2990 qui
1042 2928 1111 2973 cum
1134 2927 1256 2973 omnem

141 3010 402 3076 inoboedientiam
437 3014 469 3075 et
504 3029 651 3076 omnem
688 3011 948 3077 extollentem
987 3030 1026 3076 se
1065 3012 1258 3076 aduersus

4 3110 8 3116 ’
101 3113 251 3185 „deum
274 3113 531 3179 altitudinem
562 3116 758 3196 captiuasset,
783 3115 820 3178 de
842 3115 940 3178 semet
962 3114 1027 3195 ipsc
1051 3133 1121 3179 eum
1144 3113 1257 3180 fiducia

140 3215 368 3297 proclamabat:
391 3217 530 3282 bonum
552 3217 890 3299 agonemcentaui‚
915 3235 1068 3281 cursum
1085 3236 1257 3282 consum·

140 3320 261 3400 moui,
295 3318 412 3384 iidem
444 3319 617 3384 seruaui:
649 3321 692 3384 de
721 3321 852 3384 cetero
881 3321 1056 3401 reposita
1087 3321 1143 3384 ast
1164 3319 1258 3384 mibi

139 3421 327 3488 iustitiae
361 3441 517 3497 corona,
555 3442 666 3504 quarn
704 3425 844 3489 reddet
878 3423 976 3487 mihi
1009 3425 1185 3488 dominus
1220 3425 1257 3488 in

98 3538 108 3554 ·
138 3525 313 3605 illatio,
337 3527 468 3592 iustus
490 3527 615 3591 iudex.

241 3705 274 3758 10
297 3705 356 3760 l.c.
377 3705 409 3759 19
513 3703 679 3758 1211120
783 3702 1019 3756 141.o.22-2e
1121 3702 1155 3755 22
1175 3701 1207 3758 cf.
1227 3701 1256 3758 11

137 3789 199 3846 cor.
218 3791 294 3854 las
394 3789 476 3845 2411
494 3789 553 3844 eor.
573 3790 649 3853 10,5
751 3789 785 3842 26
803 3787 832 3843 11
850 3787 918 3842 Tim.
937 3789 961 3852 4,
981 3788 1048 3842 1-8

191 3953 260 4007 det
281 3953 373 4009 BFOr
400 3969 430 4006 eo
451 3953 488 4022 βυ
588 3954 779 4023 bpessionum
803 3954 948 4028 cernelium
973 3951 1038 4022 Ode
1138 3951 1258 4008 boolite

135 4037 199 4094 BF
279 4039 491 4106 9111011111οΒΙ
580 4043 611 4094 11
629 4041 684 4094 odii
702 4039 792 4094 B¹FO
877 4040 910 4093 12
927 4039 1065 4093 subiunxit
1085 4039 1188 4094 Ocorr.

136 4125 172 4177 14
187 4122 349 4177 condileetor
365 4123 407 4177 K¹
505 4125 538 4179 lb
554 4124 613 4194 lege
633 4125 671 4178 B¹
770 4125 801 4179 11
819 4123 990 4179 deducentem
1008 4123 1037 4178 F
1137 4125 1169 4178 18
1186 4124 1261 4196 quod,

134 4207 231 4263 BFO:
257 4224 325 4277 quac
340 4209 381 4278 βυ
403 4210 437 4271 cf.
455 4211 574 4271 XXIII,
588 4214 661 4276 13,4
757 4211 789 4264 19
806 4212 966 4280 apostolicae
984 4210 1023 4279 βυ
1117 4209 1152 4265 20
1168 4210 1257 4280 potuit

135 4296 166 4350 Β
257 4295 371 4364 qnch
463 4297 697 4352 2411111111ωο
791 4298 980 4352 2511οωί11111
999 4297 1051 4352 FO
1144 4297 1256 4366 261110-

134 4381 237 4436 clamet
253 4381 284 4436 F
383 4382 418 4437 28
434 4398 528 4436 corone
544 4383 665 4438 iustitiae
683 4384 740 4440 BF
756 4391 822 4448 (noa
842 4385 873 4446 01
