3009 5200
296 423 361 488 356
689 422 858 477 Iohannis
877 422 1033 478 Cassiani

300 611 544 694 dispensationes
572 611 633 689 dei,
665 629 741 695 quas
774 613 856 676 intra
883 631 917 676 se
944 611 1146 694 peculiariter
1173 613 1306 677 exerceri
1334 631 1430 678 mens

299 717 476 780 sanctornm
510 717 647 780 omnium
680 715 850 780 momentis
882 714 1018 798 singulis
1050 715 1201 790 intuetur,
1234 716 1324 780 illam
1352 735 1428 782 cae·

298 817 409 882 lestem
441 817 631 883 infusionem
665 817 807 882 laetitiae
838 817 1001 901 spiritalis,
1035 835 1098 900 qua
1129 818 1269 883 deiectus
1300 821 1429 884 animm

298 921 442 1003 inspirati
473 921 579 1003 gaudii
606 921 771 986 alacntme
797 921 986 998 sustollitur,
1014 921 1086 986 illos
1111 921 1226 1004 ignitos
1248 923 1349 987 cordis
1371 943 1428 987 er-

298 1041 403 1090 eessus
429 1027 462 1088 et
490 1025 556 1087 tam
587 1023 758 1088 ineffabilia
787 1041 882 1106 quam
910 1023 1054 1089 mauritta
1081 1025 1198 1089 solacia
1228 1026 1427 1107 gaudiorum,
1450 1050 1466 1088 s

297 1127 410 1210 quibus
439 1143 672 1208 nonnumquam
702 1126 907 1209 ignauissimo
934 1129 1065 1208 stupore
1086 1129 1243 1211 torpentes
1264 1127 1305 1192 ad
1326 1129 1428 1195 orati·

297 1247 388 1294 onem
404 1229 669 1296 feruentissimum
684 1231 774 1295 uelut
788 1231 827 1296 ie
840 1247 949 1296 somno
970 1230 1213 1313 profundissimo
1223 1234 1427 1298 suscitamur.

267 1337 287 1401 ‘i
298 1337 365 1416 hoc,
402 1333 539 1416 inquam,
573 1335 622 1398 est
648 1333 799 1418 gaudium
833 1338 871 1403 (le
904 1353 964 1418 qno
996 1333 1108 1400 beatus
1135 1335 1294 1418 apostolos
1322 1339 1427 1416 qnod

297 1436 454 1510 oculus,
486 1438 597 1526 inquit,
627 1456 700 1504 non
729 1438 837 1505 uidit
866 1457 939 1503 nec
969 1438 1078 1502 auris
1107 1439 1267 1504 audiuit
1292 1457 1360 1503 nec
1383 1438 1427 1503 in

297 1559 363 1606 cor
396 1538 574 1606 hominis
606 1541 801 1617 aseendit,
836 1541 904 1607 eius
935 1541 1060 1608 scillcet
1087 1543 1141 1625 qni
1170 1543 1301 1608 terrama
1333 1543 1466 1607 uitiisre

298 1643 463 1710 hebetatus
497 1644 598 1709 adbm
630 1643 722 1710 homo
755 1645 806 1710 est
837 1644 870 1710 et
902 1645 1050 1710 inmanis
1082 1645 1225 1711 inhaeret
1257 1645 1427 1709 affectibus

297 1745 437 1829 nihilque
467 1747 505 1812 de
533 1746 605 1812 istis
627 1747 676 1812 dei
697 1747 880 1814 munoribus
901 1748 1052 1815 intuetur.
1088 1751 1219 1831 (lenique
1241 1749 1326 1814 idem
1347 1766 1427 1831 apo-

298 1849 396 1916 stolus
419 1855 486 1915 tam
509 1849 547 1915 de
569 1867 602 1914 se
624 1867 718 1932 quam
742 1851 781 1916 ie
802 1849 962 1916 similibus
982 1851 1053 1928 sibi,
1076 1853 1130 1933 qui
1151 1853 1217 1917 iam
1232 1853 1271 1917 ele
1286 1853 1429 1917 bumana

297 1952 530 2018 conuersatione
563 1953 777 2034 discesserant,
812 1954 946 2019 subtecit
981 1954 1102 2020 dicens:
1141 1954 1258 2020 nobis
1291 1961 1427 2022 autem

296 2056 494 2121 reuelauit
516 2056 607 2122 dens
629 2075 695 2138 per
721 2056 917 2138 spiritum
938 2075 1061 2124 sunm.
1436 2083 1463 2125 ns

337 2177 428 2244 XIII.
452 2177 488 2241 ln
512 2177 562 2244 bis
584 2178 682 2260 igitur
705 2179 850 2244 omnibus
872 2183 1024 2262 qnantum
1047 2199 1134 2244 mens
1157 2183 1195 2245 ad
1219 2179 1426 2245 subtiliorem

295 2281 459 2364 profecerit
479 2284 660 2364 puritatem,
690 2283 778 2347 tanto
807 2283 974 2348 sublimius
996 2282 1171 2347 intuebitur
1194 2283 1288 2347 icum
1309 2287 1342 2347 et
1364 2283 1425 2346 uei·

295 2385 471 2450 mirationis
501 2384 584 2449 intra
613 2389 710 2450 semet
739 2385 840 2466 ipsam
865 2385 970 2469 potins
993 2387 1093 2469 capiet
1114 2388 1306 2450 Incrementa
1326 2403 1425 2466 quam

294 2487 440 2570 loquendi
470 2487 654 2553 facultatem
684 2489 739 2552 aut
769 2505 942 2553 sermonem
973 2488 1163 2553 narrationis
1195 2488 1345 2553 inueniet.
1388 2491 1427 2553 nt

295 2591 380 2656 enim
411 2590 477 2655 nIm
507 2590 644 2657 laet'tiae
667 2589 759 2657 huius
782 2592 961 2675 inexpertus
987 2593 1090 2657 mente
1111 2593 1277 2675 percipere,
1300 2589 1345 2657 ita
1371 2610 1462 2657 emo

296 2695 414 2778 plicare
442 2712 585 2759 sermone
608 2713 669 2760 non
695 2696 815 2760 naiebit
837 2699 998 2779 expertus:
1025 2697 1185 2776 tamqnam
1208 2696 1235 2760 si
1257 2696 1327 2777 quis
1348 2695 1425 2760 dul-

295 2796 435 2863 cedimm
466 2798 569 2862 mellis
599 2800 627 2862 ei
657 2798 710 2880 qui
741 2816 912 2881 numquam
943 2799 1109 2879 quicquam
1131 2798 1223 2861 dulce
1244 2800 1425 2880 gustauerit

294 2900 376 2965 uelit
398 2901 592 2965 sermonibus
607 2918 760 2976 enarrare,
778 2902 915 2983 proiecto
935 2918 991 2965 nec
1007 2901 1062 2966 ille
1076 2901 1194 2983 saporis
1209 2900 1296 2965 illius
1312 2902 1425 2965 suaui-

293 3008 393 3068 tatem
424 3020 516 3084 quam
549 3020 719 3086 numquam
749 3022 801 3069 ore
830 3007 967 3087 percepit
996 3003 1126 3069 auribus
1149 3005 1261 3086 capiet,
1285 3023 1342 3068 nec
1365 3006 1425 3070 ille

295 3106 492 3172 dulcedinem
525 3124 618 3188 qnam
652 3110 762 3191 gustus
795 3108 959 3191 uoluptate
991 3108 1139 3192 cognonit
1170 3108 1275 3175 uerbis
1305 3111 1462 3190 poteritne

293 3208 440 3292 indicare,
474 3210 528 3274 sed
560 3212 684 3292 propria
720 3212 845 3276 tantum
883 3212 1044 3297 agnitione
1080 3212 1249 3277 suauitatis
1281 3210 1423 3276 iulectns

294 3330 417 3378 necesse
440 3314 545 3377 estut
568 3313 685 3394 experti
709 3314 829 3397 saporis
850 3315 1079 3381 iucunditatem
1101 3318 1187 3380 intra
1202 3315 1300 3380 semet
1315 3319 1423 3396 ipsum

263 3414 486 3481 isolummodo
519 3417 632 3481 tacitus
666 3417 848 3482 admiretur.
885 3422 931 3484 ita
963 3420 1061 3502 igilur
1093 3418 1234 3501 quIsqnis
1269 3419 1302 3481 in
1335 3417 1424 3481 hunc

294 3538 384 3603 quem
413 3519 621 3602 praediximus
651 3521 807 3585 uirtutum
834 3524 953 3586 statum
976 3522 1124 3587 meruerit
1146 3520 1316 3603 peruenire,
1340 3520 1422 3585 haec

395 3731 599 3797 arbonae
702 3733 865 3787 libolo

343 3930 361 3983 4
384 3927 509 3996 inspirati
533 3927 570 3980 0:
600 3928 731 3996 Insperati
749 3930 798 3983 Συ
827 3928 923 3997 inspiti
940 3927 979 3978 11¹
1008 3928 1037 3981 in
1054 3927 1198 3995 spiritibus
1215 3930 1256 3981 ll'
1287 3929 1423 3997 inspIrata

292 4019 317 4069 l*
409 4016 437 4069 in
456 4014 519 4069 illos
535 4016 561 4067 Y
657 4016 766 4083 ignotos
783 4016 813 4067 Π
907 4014 1041 4068 5solatia
1058 4016 1097 4066 ΠΙ
1194 4015 1309 4069 incluti
1327 4018 1354 4068 Y

291 4100 466 4171 9inquid0
569 4101 602 4155 10
618 4101 741 4155 homines
760 4102 799 4153 Πι
904 4100 937 4153 lb
953 4100 1085 4154 renelabit
1101 4100 1173 4153 11¹0
1271 4101 1303 4155 16
1321 4100 1421 4169 suptil.

292 4189 317 4239 Τ
344 4185 526 4241 sublimiorem
551 4185 577 4238 Ο
679 4187 918 4254 1rp10nesrrtn¹
1021 4186 1124 4239 ammIr.
1144 4188 1169 4237 Y
1274 4185 1307 4239 18
1330 4184 1420 4255 Ipsum

293 4274 317 4323 Y
400 4272 433 4325 21
452 4270 552 4325 dulmd.
571 4272 619 4334 ΠΙ,
646 4272 710 4325 tem
727 4273 806 4338 infra
898 4272 931 4325 23
950 4272 1030 4325 uellit
1046 4273 1087 4323 ΠΙ
1176 4271 1211 4325 24
1228 4286 1309 4340 quem
1327 4272 1353 4322 Τ

292 4370 412 4426 pereepes
429 4357 468 4407 11¹
571 4356 606 4411 28
625 4357 729 4410 ammir.
746 4360 772 4408 ‘l‘
872 4358 912 4411 iia
928 4372 979 4411 orn.
997 4358 1027 4408 Π
