3009 5200
262 410 329 477 1190
657 408 822 464 Iohannis
843 408 1000 465 Cassiani

264 601 402 663 uiuum
435 600 475 663 in
509 598 601 664 duas
633 602 784 680 partes,
817 604 857 664 et
888 602 977 665 date
1005 599 1213 665 dimidiam
1242 603 1394 682 partem

263 703 346 777 uni,
392 703 431 767 st
472 700 679 767 dimidiam
727 703 882 783 partem
923 702 1059 767 alteri.
1111 720 1189 784 quae
1232 704 1394 769 simulatio

260 805 462 871 crudelitatis
497 824 567 869 eum
601 822 694 869 uerae
732 804 844 869 matris
880 803 1003 869 uiscera
1036 804 1251 890 permunisset,
1285 805 1326 869 ab
1358 824 1395 871 ea

264 910 370 972 autem
401 924 478 989 quae
501 909 601 974 mater
627 924 687 970 non
710 909 779 972 erat
800 908 989 983 laudaretur,
1012 908 1089 971 tuno
1110 907 1235 971 demum
1257 907 1394 989 sagueis·

263 1009 345 1075 aimo
381 1010 525 1075 ueritatis
558 1009 675 1075 indieio
708 1010 798 1073 illam
829 1011 1020 1075 sententiam
1054 1010 1267 1094 promulgauit
1298 1029 1429 1094 querna

264 1132 354 1178 nemo
383 1130 402 1179 a
431 1112 487 1179 deo
519 1113 706 1195 inspiratam
740 1128 806 1177 esse
838 1128 900 1176 non
935 1114 1070 1179 eredidit
1096 1112 1206 1193 date,
1238 1115 1393 1198 inquiens,

263 1217 357 1282 huie
384 1215 583 1283 infantam
613 1218 765 1300 uiuum,
796 1219 836 1281 et
864 1234 939 1282 non
969 1218 1191 1286 ooeidatura
1215 1219 1310 1283 haee
1332 1220 1394 1282 est

230 1322 384 1395 smater
418 1318 535 1385 eius·
550 1319 678 1402 proinde
711 1338 770 1385 nee
801 1320 914 1385 debere
946 1338 1004 1385 nee
1035 1338 1125 1403 posse
1157 1337 1214 1387 nos
1246 1320 1395 1386 uniuersa

261 1424 407 1505 oonplere
421 1440 501 1505 quae
517 1424 568 1489 uel
584 1442 654 1489 cum
670 1425 777 1506 quiete
797 1422 894 1490 animi
910 1424 963 1490 uel
978 1425 1173 1491 oonmotiono
1188 1425 1392 1503 domminus,

263 1528 357 1591 etiam
382 1524 454 1591 eliis
469 1526 696 1610 seripturarum
712 1527 900 1593 testimoniis
915 1528 1069 1610 eopiosius
1085 1529 1261 1607 adunemur,
1277 1527 1428 1610 quibruro

264 1630 314 1693 uel
344 1630 428 1695 uiros
450 1632 572 1695 sanatos
601 1632 654 1695 uel
675 1632 801 1714 angelos
824 1633 877 1696 uel
902 1632 1008 1714 ipsum
1029 1632 1274 1713 omnipotentem
1296 1632 1392 1697 deum

263 1748 300 1796 ea
322 1748 399 1813 quae
420 1731 605 1799 definierant
627 1733 808 1816 frequenter
822 1735 958 1817 legimus
972 1734 1155 1801 inmutasse.
1188 1752 1263 1799 nam
1278 1734 1392 1801 beatus

263 1835 366 1899 Dauid
401 1852 470 1899 eum
505 1835 742 1902 iurisiurandi
770 1837 950 1905 definitione
976 1836 1117 1902 deereuit
1141 1836 1271 1903 diosus:
1295 1837 1391 1902 liaeo

263 1936 388 2002 faeiat
411 1938 503 2003 dens
524 1939 700 2004 inimicis
723 1940 869 2018 Dauid,
900 1942 941 2004 et
960 1940 1057 2005 haee
1079 1939 1221 2018 addat,
1244 1940 1277 2005 si
1299 1939 1391 2004 reli-

263 2056 381 2122 quero
411 2039 455 2103 de
483 2040 667 2106 omnibus
697 2060 797 2124 qnae
825 2044 1033 2123 pertinent
1055 2043 1100 2107 ad
1123 2042 1248 2108 Nabal
1269 2060 1424 2125 usquea

229 2151 391 2219 emano,
407 2144 651 2225 mingentem
667 2144 712 2210 ad
727 2144 931 2226 parietem.
964 2148 998 2210 et
1013 2146 1162 2211 eontinuo
1176 2145 1389 2212 intercedente

261 2244 390 2327 Abigail
418 2260 514 2311 uxore
536 2247 603 2311 eius
625 2264 662 2313 ao
683 2265 737 2330 pro
761 2248 870 2313 eodem
896 2248 1093 2331 supplicante
1115 2250 1252 2314 remittit
1274 2248 1386 2329 minas,

260 2348 367 2413 mollit
400 2350 585 2415 sententiam
618 2352 652 2413 et
683 2351 806 2415 mauult
835 2356 1044 2434 transgressor
1074 2353 1227 2434 propositi
1255 2352 1388 2417 iudicari

261 2468 355 2532 quam
370 2452 559 2519 sacramenti
574 2455 621 2519 sni
637 2453 729 2521 fidem
744 2472 815 2519 oum
836 2454 1032 2520 crudelitatis
1046 2455 1239 2521 exsecutione
1253 2472 1387 2533 semare,

260 2554 382 2620 disens:
412 2556 521 2621 uiuit
550 2554 749 2622 dominusr
781 2556 866 2623 nisi
896 2557 974 2623 oito
996 2558 1174 2624 uenisses
1195 2557 1234 2622 in
1256 2575 1423 2628 onear-aa

260 2675 344 2724 sum
368 2658 481 2735 mihi,
505 2677 579 2724 non
601 2660 871 2726 remansisset
901 2659 1029 2726 Nabal
1051 2679 1173 2742 usque
1195 2659 1240 2725 ad
1262 2661 1387 2725 lunam

259 2763 511 2842 matutinam,
542 2761 719 2846 mingens
749 2763 796 2827 ad
824 2763 1028 2846 parietem.
1066 2763 1155 2829 ouius
1184 2765 1268 2830 dont
1295 2764 1387 2830 illam

260 2863 440 2948 praeeipitis
462 2866 649 2931 sacramenti
671 2863 858 2932 laoilitutem
887 2883 966 2948 quas
989 2867 1027 2931 de
1052 2868 1253 2948 perturbatae
1273 2869 1388 2932 mentis

260 2967 458 3034 eonmots'one
478 2967 676 3035 deseenderat
699 2985 896 3052 nequaquam
917 2971 1102 3035 imitandam
1126 2987 1193 3035 esse
1213 2986 1386 3053 nossemus,

260 3070 310 3134 ita
339 3065 553 3136 remissionem
584 3077 678 3152 atque
708 3072 958 3138 emendationem
980 3075 1093 3138 statuti
1115 3071 1295 3138 seotandam
1319 3091 1422 3142 ossea

228 3172 465 3244 tdeearnimus.
503 3173 666 3239 electionis
697 3193 752 3242 uas
781 3173 951 3242 corinthiis
974 3174 1114 3241 scribens
1134 3173 1273 3240 reditum
1293 3194 1387 3240 suum

260 3275 402 3340 absoluta
435 3275 614 3342 definitione
648 3277 809 3358 promittit
841 3278 961 3344 disens:
996 3280 1151 3344 ueniam
1183 3280 1314 3342 autem
1340 3279 1387 3343 ad

259 3396 327 3444 uos
361 3397 446 3444 eum
481 3377 759 3446 Manedouiam
797 3383 1079 3462 pertransiero:
1116 3379 1385 3446 Macedoniam

361 3605 505 3662 stem
610 3605 871 3676 131seg.25‚22
974 3606 1138 3664 setosa
1241 3609 1386 3666 susos.

259 3693 386 3760 llio-l

307 3911 325 3963 4
349 3909 552 3978 saepedissimam
575 3909 613 3961 Πι
716 3910 733 3965 6
757 3924 836 3965 nemo
858 3909 913 3964 nisi
935 3927 952 3963 a
974 3911 1028 3964 ΤΟ
1056 3925 1111 3965 uon
1130 3927 1182 3965 oar.
1200 3913 1237 3962 ‘Pr
1265 3925 1334 3966 eros.
1352 3909 1386 3964 ios

254 3993 282 4048 0
384 3995 399 4048 'l
425 3995 473 4049 luae
490 3996 563 4049 eninr
579 3999 622 4049 est
644 3998 670 4048 Ψ
768 3995 788 4050 8
808 3996 949 4050 munuera
969 3994 994 4048 Ο
1097 3997 1128 4049 11
1147 3994 1191 4049 uel
1208 3995 1318 4064 angelos
1335 4009 1386 4050 aaa

255 4084 282 4134 T
366 4083 399 4136 12
417 4081 576 4138 definierant
591 4082 725 4138 utilltstis
743 4099 824 4138 musa
840 4085 991 4138 inmutasse
1009 4084 1162 4152 reporimus.
1180 4081 1275 4136 butus
1292 4085 1318 4135 Τ

256 4171 415 4222 immutasse
433 4169 495 4220 ΣΠ
593 4170 625 4225 19
642 4171 808 4224 erudilltatis
825 4169 866 4221 Πι
962 4175 1062 4224 exeant
1079 4167 1106 4222 0
1201 4167 1237 4222 23
1254 4169 1386 4224 mollitus

255 4253 286 4304 Π
373 4254 407 4310 td
425 4255 511 4325 adque
529 4255 554 4308 0
648 4255 681 4311 26
700 4254 863 4311 oterinthiis
881 4256 909 4307 Σ
1002 4256 1036 4312 tl
1055 4260 1147 4310 antem
1164 4255 1220 4310 aito
1237 4258 1274 4309 ad
1291 4256 1317 4309 0

254 4340 290 4394 28
312 4339 514 4395 maeliedoniam
535 4343 563 4392 Σ
581 4343 709 4411 (possim
739 4342 923 4397 maoedoniam
940 4341 1012 4396 onim
1030 4339 1200 4411 pertransibo
1217 4355 1269 4398 aar.
1292 4343 1320 4393 Y
