3009 5200
291 415 334 481 40
668 413 836 467 Iohannis
852 411 1013 468 cassiani
1049 483 1053 491 .

251 604 393 668 tuidetis
416 619 487 685 ergo
509 621 570 667 non
586 607 744 667 terrenum
765 621 821 668 nec
836 620 968 684 paruum
983 620 1049 668 esee
1064 566 1403 715 discretioniqbnnnns

282 707 333 771 scd
357 706 481 771 diuinae
496 707 614 788 gretiee
629 706 798 771 maximum
821 705 1003 787 praemium.
1034 723 1127 787 qnam
1149 703 1209 768 nisi
1230 705 1404 770 monachus

282 809 365 874 omni
402 809 571 874 intentione
608 809 703 873 luerit
732 809 902 874 -ndscoutue
937 809 971 873 et
1002 807 1236 873 ascendentium
1267 808 1300 872 in
1332 823 1404 872 ecee

282 912 448 992 spirituum
481 911 697 976 discretionem
732 915 817 976 certa
843 911 963 976 ratione
991 910 1171 993 possederit,
1200 927 1322 974 necesse
1350 917 1403 975 eet

283 1031 352 1078 eum
375 1015 462 1079 uelut
486 1017 517 1079 in
540 1017 629 1078 nocte
651 1031 745 1078 caece
769 1013 940 1096 taetrieque
960 1013 1098 1079 tenebris
1118 1013 1314 1078 obmnantem
1337 1031 1403 1078 non
1429 1031 1445 1070 s

282 1116 382 1180 solnm
412 1117 589 1198 perniciosis
621 1116 717 1182 leucis
744 1133 781 1181 ac
811 1118 986 1199 praeruptis
1007 1117 1151 1199 incidere,
1173 1116 1226 1182 sed
1248 1118 1344 1182 etiem
1365 1117 1402 1181 iu

281 1218 383 1301 plume
405 1237 441 1283 oc
463 1219 588 1284 directis
610 1219 788 1302 frequenter
814 1220 978 1285 offendere.

323 1339 367 1404 Π.
383 1337 512 1405 Memini
527 1341 626 1423 igitur
640 1341 797 1422 qnondam
811 1339 846 1405 in
862 1340 951 1405 anuis
1008 1340 1068 1405 huc
1083 1339 1234 1422 pueritiae
1248 1341 1401 1404 constitu-

283 1442 334 1506 tus
362 1443 395 1506 in
424 1441 563 1525 partibus
592 1441 774 1523 Thebaidos,
802 1444 856 1508 nbi
885 1445 994 1509 beatus
1024 1443 1178 1509 Antonine
1210 1444 1399 1520 morabatur,

281 1545 414 1609 seniores
448 1547 487 1610 ad
521 1563 592 1610 enm
625 1545 820 1628 perfectionis
849 1547 1051 1628 inquirendae
1078 1545 1184 1630 mutia
1210 1546 1397 1610 conuenisse.
1412 1561 1441 1601 ιο

284 1664 414 1729 cumque
437 1665 455 1712 s
476 1647 660 1732 uespertinis
689 1647 772 1713 horis
801 1667 896 1732 usque
919 1649 957 1712 ad
980 1650 1083 1713 lucem
1105 1647 1217 1712 luisset
1238 1650 1399 1729 protracto

282 1749 424 1826 conlatio,
446 1751 657 1832 quaestionem
679 1752 759 1816 hanc
780 1751 951 1816 maximum
975 1752 1074 1816 noctis
1100 1753 1235 1833 spatium
1251 1769 1398 1815 consum·

282 1852 388 1933 psisse.
418 1869 491 1918 nam
512 1853 686 1918 diutissime
709 1851 913 1935 quaerebatur
935 1871 1087 1936 quaenam
1108 1855 1211 1919 uirtus
1226 1856 1277 1917 uel
1292 1851 1399 1918 obser·

283 1955 391 2020 nantia
422 1957 607 2021 monachum
641 1955 738 2037 possit
761 1975 780 2020 a
801 1956 914 2021 diaboli
948 1957 1066 2038 laqueis
1099 1976 1135 2022 ac
1168 1956 1398 2040 deceptionibus

283 2059 435 2123 custodire
464 2077 584 2142 semper
611 2059 765 2124 iulaesum
794 2061 845 2124 uel
874 2063 957 2124 certe
983 2064 1067 2124 recto
1094 2061 1221 2125 tramite
1248 2059 1436 2141 firmoquers

252 2171 387 2244 2gressn
421 2165 456 2226 ad
491 2161 686 2244 perfectionis
721 2162 845 2228 eulmen
878 2163 1013 2228 euoluere.
1050 2180 1183 2245 cumque
1215 2178 1270 2244 pro
1305 2164 1398 2243 coptu

282 2263 396 2327 mentis
425 2281 496 2328 suae
523 2267 671 2348 prolerret
697 2269 908 2349 unusquisqne
929 2266 1114 2332 sententiam
1138 2269 1170 2332 et
1192 2265 1247 2332 alii
1269 2265 1397 2347 quidem

281 2365 338 2429 hoc
360 2368 391 2429 in
414 2369 596 2432 ieiuniorum
621 2370 862 2453 uigiliarumque
891 2370 993 2436 studio
1016 2369 1217 2444 conlucerent,
1245 2368 1324 2451 qnod
1348 2367 1396 2432 bie

281 2467 428 2533 uidelicet
450 2475 616 2536 extenuato
638 2491 724 2536 mens
747 2493 783 2538 ue
813 2473 984 2555 puritatem
1006 2473 1106 2538 cordis
1129 2475 1162 2536 et
1182 2471 1315 2553 corporis
1338 2471 1394 2536 ad·

281 2577 387 2638 secute
415 2573 470 2639 deo
499 2575 621 2641 facilius
654 2577 803 2655 uniretur,
834 2575 888 2642 olii
917 2577 950 2641 in
979 2581 1158 2661 contempto
1182 2575 1434 2640 uniuersarumso

281 2692 393 2755 rernm,
427 2676 538 2760 quibus
571 2681 709 2744 monesi
743 2680 866 2762 penitus
900 2682 1076 2761 nudaretur,
1111 2685 1268 2761 tamquam
1298 2678 1396 2742 nullis

280 2780 423 2860 deinceps
453 2782 657 2847 retinentibus
688 2783 804 2865 laqueis
832 2785 871 2848 ad
902 2784 993 2846 deum
1019 2782 1189 2865 expeditior
1210 2780 1395 2863 perueniret,

280 2881 335 2946 alii
368 2883 567 2948 anachoresin
601 2887 815 2970 necessariam,
849 2888 878 2951 id
908 2889 956 2950 est
985 2888 1187 2949 remotionem
1218 2886 1251 2950 et
1279 2885 1396 2949 beromi

280 2986 395 3048 secreta
424 2989 591 3061 censerent,
623 2986 654 3049 in
685 3005 745 3068 que
775 3006 971 3054 commanens
1000 2990 1070 3071 quis
1093 2988 1276 3053 familiarius
1299 2986 1394 3051 inter·

282 3086 397 3168 pellere
419 3091 509 3152 denuo
531 3088 619 3169 eique
644 3090 741 3170 possit
770 3090 954 3172 peculiarius
976 3091 1146 3172 inhaerere,
1167 3088 1308 3154 nonnulli
1330 3104 1432 3155 ecc-2⁵

281 3188 377 3253 tanda
398 3188 548 3266 caritatis,
571 3190 603 3253 id
626 3196 673 3255 est
695 3192 897 3258 humanitatis
924 3192 1028 3259 officia
1048 3192 1218 3271 delinirent,
1242 3192 1323 3274 qued
1346 3192 1395 3256 bis

282 3308 373 3373 regna
394 3290 548 3356 caelorum
570 3293 716 3358 daturum
739 3314 771 3359 se
794 3296 937 3361 dominus
960 3297 992 3360 in
1014 3295 1174 3379 euangelio
1196 3295 1284 3359 uelut
1298 3294 1394 3376 speci·

281 3394 361 3458 elius
390 3396 587 3476 repromittat
609 3394 729 3461 dicens:
760 3398 897 3462 uenite
926 3396 1132 3463 benedicti
1156 3398 1284 3481 patrie
1304 3398 1393 3478 mei,

282 3498 476 3579 possidete
509 3504 687 3581 paratum
723 3503 832 3566 uobis
866 3519 1026 3586 regnum
1055 3519 1073 3566 a
1102 3499 1394 3566 constitutione

381 3683 415 3739 ae
433 3683 481 3737 nno.
500 3684 543 3751 aq
559 3682 662 3739 as-ss

332 3852 350 3905 4
375 3852 516 3919 possiderit
546 3853 615 3908 WX
724 3854 742 3907 5
768 3855 897 3922 tetrisque
923 3853 984 3908 DX
1088 3853 1274 3910 obstruentem
1299 3854 1329 3909 D

280 3957 296 4009 6
319 3956 415 4025 potnit.
437 3957 505 4011 ΨΧ
605 3957 723 4011 incedere
740 3957 823 4013 D¹W
850 3957 987 4012 concidere
1004 3960 1054 4011 Xr
1154 3958 1172 4013 9
1194 3956 1327 4012 thebaidis
1344 3956 1393 4023 (dis

279 4061 389 4127 istros.)
408 4060 436 4115 D
522 4061 555 4116 10
571 4061 722 4130 pnectionie
739 4064 767 4128 (u
784 4063 894 4127 beroe)
911 4062 942 4117 D
970 4061 1140 4131 perfectiones
1155 4062 1202 4117 W¹
1289 4062 1322 4115 14
1337 4074 1394 4129 poa·

280 4164 321 4216 set
344 4162 390 4215 ΠΗ
491 4154 575 4219 nabbli
593 4166 617 4233 (n
634 4168 666 4220 in
682 4168 749 4234 cce.)
771 4165 802 4220 D
906 4166 939 4220 16
962 4165 1136 4235 perfectiones
1159 4166 1260 4219 culmiu
1280 4164 1332 4220 17·

280 4247 448 4301 monaster
466 4249 506 4303 D¹
600 4250 634 4305 23
651 4251 746 4307 berimi
765 4252 797 4305 D
888 4252 922 4305 aa
939 4252 1052 4305 caritate
1072 4251 1111 4305 W
1191 4250 1225 4304 2?
1241 4250 1394 4320 ennengcbo

284 4333 332 4388 W¹
434 4335 468 4389 28
485 4340 575 4404 patres
592 4336 631 4390 D¹
