3009 5200
427 418 589 475 conlatio
613 418 647 483 X,
663 418 740 476 4—6.
1082 416 1143 483 2921

64 608 200 676 buenin
233 606 361 673 illorum
387 625 508 690 queque
534 604 658 684 animis,
692 605 745 688 qui
779 620 951 686 numquam
982 601 1149 688 gentilitia

62 711 245 795 npeubuene
277 711 391 793 pullati
421 713 506 793 suut,
537 710 596 780 sub
629 709 730 775 eslere
761 706 935 775 testimonii
963 706 1057 776 buius
1086 723 1147 789 qus

63 814 163 879 biriturr
190 814 384 879 laniamus
413 814 605 880 huminem
635 812 681 879 ad
703 811 920 894 imaginem
940 812 979 875 et
999 809 1150 882 similia

63 917 204 983 tudinem
237 919 424 996 nestram,
458 914 606 998 inperitia
632 934 687 981 seu
718 913 893 981 rustisitate
921 913 1051 981 iauients
1074 926 1149 980 unu·

49 1025 151 1085 binetus
170 1023 228 1097 est,
250 1019 298 1085 its
319 1023 357 1088 ut
378 1019 474 1085 etiam
495 1018 632 1085 hauseis
658 1035 739 1101 quaa
765 1016 880 1083 dieitur
900 1016 1147 1099 Antbrupumer·

62 1123 189 1204 pbitarum
224 1123 281 1189 sub
304 1122 475 1189 ‘emuniens
518 1120 720 1189 reserandae
757 1120 849 1187 buius
884 1116 1147 1201 interpretationis

62 1225 199 1309 emerserit,
235 1243 314 1308 quae
349 1226 525 1293 inmensam
561 1224 651 1294 ittam
688 1242 726 1289 ae
758 1222 932 1305 simplicem
970 1219 1147 1289 diuinitatis

62 1329 238 1395 substantiam
260 1329 454 1410 liniamentis
475 1327 588 1395 uostris
610 1329 642 1394 et
656 1326 795 1395 humana
811 1324 996 1409 figuratione
1009 1322 1147 1405 eunpesi·

62 1434 108 1497 trn
134 1433 278 1515 pertinaci
311 1431 516 1515 peruersitate
549 1429 718 1497 mutendit.
756 1446 849 1511 quum
882 1431 988 1500 tamum
1019 1426 1046 1493 ai
1079 1424 1179 1510 quia3

43 1532 132 1599 uiuent
151 1535 309 1603 eatbulieia
331 1535 530 1618 dogmatibus
550 1533 716 1601 institutus
742 1535 779 1598 ut
794 1530 945 1615 gentilem
959 1529 1148 1615 blasphemi-

63 1657 98 1703 au
113 1639 312 1704 detestabitur
337 1641 370 1705 et
390 1639 440 1703 ita
454 1640 493 1707 ad
508 1636 597 1704 illum
612 1634 761 1703 orationis
777 1634 981 1718 purissimam
992 1634 1151 1717 perueniat

62 1739 225 1822 qnabtatam,
256 1759 335 1823 quae
365 1758 426 1806 nen
454 1741 557 1805 solum
588 1738 710 1804 nullam
739 1738 913 1805 diuinitatis
936 1737 1073 1821 effigium
1096 1754 1151 1803 uer

63 1842 212 1909 brianenta
244 1860 399 1927 eurporea,
433 1842 515 1926 quud
547 1842 634 1909 dietu
667 1859 788 1925 qnoque
822 1840 909 1907 nefas
943 1844 1000 1919 est,
1035 1840 1068 1907 iu
1096 1856 1153 1907 sur

63 1946 257 2027 supplicatione
279 1947 433 2025 miscebit,
456 1946 510 2014 aed
531 1966 569 2013 ne
591 1944 691 2013 ullam
717 1945 845 2028 quibem
866 1948 901 2014 in
921 1962 956 2014 aa
969 1944 1152 2015 nemesium

45 2047 119 2112 nlieti
146 2049 326 2132 cuiusquam
360 2050 411 2115 uel
442 2049 520 2117 iusti
555 2049 693 2133 speeiem
727 2067 782 2117 seu
815 2048 949 2115 turmam
985 2046 1153 2115 uuiualibat

65 2149 222 2218 umraeteria
244 2152 401 2220 admittet.

93 2270 135 2335 bl.
164 2272 339 2339 &eundum
374 2280 550 2339 mansuram
594 2291 729 2355 numque
769 2272 916 2354 puritatis
953 2285 1037 2354 snae,
1074 2269 1154 2335 siunt

66 2375 189 2454 superius
224 2378 397 2443 sentations
439 2377 599 2459 praelatus
638 2394 719 2456 sum,
763 2392 964 2458 unaquaeque
1000 2390 1084 2439 mens
1121 2374 1154 2440 in

66 2477 173 2544 subere
193 2498 250 2545 sua
273 2480 324 2545 uel
346 2480 477 2565 erigitur
498 2482 550 2545 uel
571 2480 733 2556 formatur,
747 2478 872 2543 tantum
889 2477 1008 2543 suilieet
1023 2495 1042 2542 u
1055 2481 1153 2543 terre·

46 2595 146 2646 uurnn
166 2602 200 2649 au
221 2582 434 2650 materialium
455 2603 558 2649 reram
583 2579 845 2665 euntemplatiuna
868 2580 1033 2660 disemus,
1057 2598 1154 2663 quau·-

66 2681 115 2748 tsn
132 2705 195 2752 sam
214 2690 318 2753 status
336 2705 409 2754 suae
431 2687 604 2770 promuerit
626 2686 772 2769 puritatis
796 2686 966 2770 feceritque
983 2687 1088 2751 Iesum
1102 2685 1154 2751 uel

67 2782 185 2854 bumilsm
208 2791 311 2856 subse
331 2792 363 2856 et
384 2809 538 2870 munaum,
568 2791 620 2855 uel
642 2789 850 2872 glorifieabum
872 2790 905 2856 et
925 2789 959 2854 in
981 2787 1154 2854 maiestatis

67 2903 121 2952 tua
143 2894 240 2977 gloria
271 2893 448 2961 uenientem
483 2894 615 2960 internis
645 2893 808 2959 obtutibus
837 2893 958 2960 animae
991 2891 1154 2976 peruideri.

68 3007 110 3056 ur
135 2996 214 3061 enim
242 2999 390 3079 putarunt
421 2997 536 3061 intueri
564 2995 672 3061 Iesum
701 2997 877 3062 uenientem
905 2998 938 3064 in
966 3011 1060 3081 rugus
1088 2993 1186 3073 suni

48 3093 105 3173 btbi
127 3099 221 3166 ablue
249 3098 309 3165 auh
338 3099 396 3165 illa
426 3101 652 3182 quedammodo
680 3099 809 3166 Iudaiua
830 3099 1014 3166 infirmitate
1035 3099 1155 3166 domnii

68 3213 111 3262 run
136 3208 252 3284 quarunt
278 3202 379 3268 disere
406 3222 478 3268 eum
508 3203 662 3286 apostole:
691 3206 728 3269 st
757 3204 791 3268 si
821 3204 1079 3288 eoguuuimus
1101 3219 1157 3267 se-

67 3305 202 3372 eundum
225 3325 386 3372 earnem
407 3304 625 3385 Christum,
648 3308 716 3374 sed
738 3326 837 3373 uuna
859 3307 934 3372 iam
958 3323 1029 3372 nun
1049 3306 1158 3371 nuni·

143 3531 238 3590 tuen.
259 3536 282 3598 1,
300 3533 334 3590 26
434 3536 466 3596 18
483 3534 579 3604 VIIII,
595 3535 621 3603 8,
639 3536 656 3589 2
753 3534 786 3590 be
803 3535 833 3628 ll
851 3533 911 3591 Gor.
930 3535 954 3601 5,
974 3535 1006 3590 16

104 3741 220 3809 lgertili
239 3745 291 3800 Xu
392 3747 579 3802 btastemsnii
594 3746 630 3802 V¹
731 3747 975 3817 bauthropomori.
994 3747 1040 3804 VO
1069 3749 1158 3802 antre-

68 3828 219 3887 umnmn
306 3832 568 3901 ereurpneuones
579 3823 621 3887 1>¹
707 3831 740 3886 ιο
751 3833 829 3888 einr.
845 3833 924 3890 uno
1012 3835 1045 3888 1u
1057 3833 1158 3888 suanm

71 3904 118 3961 ΡΡ1
202 3917 235 3971 16
254 3919 393 3974 armaturis
415 3917 471 3974 ΟΧ
488 3968 499 3976 ,.
560 3917 687 3973 admittit
703 3918 755 3974 VP
781 3918 966 3975 admibtsmO
1060 3920 1093 3975 19
1110 3919 1160 3974 ssi·-

69 3990 155 4052 bereg
238 4002 369 4057 auur.D
462 4002 707 4059 20deseedeusV¹
802 4005 1092 4061 ileastatisuaeD

68 4075 136 4138 libel
146 4088 301 4145 uarnean
386 4090 573 4147 mulieratis?
597 4091 756 4162 magestatis
771 4090 826 4147 ΟΧ
910 4091 943 4148 23
961 4091 1048 4162 gloria
1064 4091 1093 4146 D

69 4168 183 4232 *tribubus
197 4175 226 4230 D
312 4177 447 4244 paruidare
465 4193 500 4233 eu
516 4178 626 4247 puidera
643 4177 673 4232 D
758 4178 792 4232 24
809 4177 998 4252 potunmnto
1083 4177 1161 4248 riguo

72 4247 133 4309 Viu
148 4274 224 4331 rugus
242 4277 290 4316 suu
306 4262 455 4320 uenientem
473 4263 503 4319 D
599 4261 895 4332 abquumnmoduv
990 4263 1024 4320 26
1040 4263 1162 4332 apostolus

72 4333 161 4397 Vsum
176 4345 294 4416 apostole
311 4347 439 4405 diseno
539 4364 600 4407 eum
616 4347 807 4405 seeundumO

1007 4455 1061 4510 19*
