3009 5200
472 437 633 496 Gunietie
657 437 726 502 1111,
744 436 839 492 9-11.
1158 437 1218 504 105

92 629 218 710 demque
258 627 384 694 homine
420 628 474 694 uel
509 625 626 710 periter
662 626 715 692 uel
750 623 940 708 singilletim
976 641 1048 690 eum
1083 624 1218 707 quedem

91 732 240 813 temporis
263 729 482 796 uicissitudine
503 736 535 796 et
557 729 731 796 mutatione
752 729 922 795 lustentur.

125 849 181 916 XI.
213 848 433 930 Quamobrem
461 849 496 915 in
524 849 673 918 huelem
695 866 817 915 curnem
839 867 900 915 non
922 847 1091 930 huminem,
1113 849 1146 915 id
1168 849 1219 915 est

91 953 223 1020 heminis
241 956 464 1034 substantiam,
480 953 535 1019 sed
550 953 744 1022 uoluntutem
760 953 860 1018 uernis
872 955 904 1018 et
915 950 1070 1018 desiderit
1081 951 1220 1033 pessime

74 1057 238 1122 rdetemns
265 1059 411 1141 eeeipere,
434 1057 515 1124 sieut
535 1076 574 1124 ne
596 1058 743 1142 spiritum
767 1055 890 1141 quidem
907 1054 1046 1138 aliquem
1061 1073 1127 1120 rem
1143 1057 1219 1123 ent·

90 1160 283 1240 stnntielem
314 1161 370 1227 sed
398 1160 521 1227 enimse
543 1159 695 1228 desidente
717 1162 797 1227 bene
818 1163 849 1225 et
870 1158 1024 1242 spiritalia
1050 1158 1217 1244 resigned.

89 1283 175 1346 quern
208 1283 339 1330 sensum
370 1264 452 1330 idem
482 1263 591 1330 beetns
620 1261 779 1347 apestolus
807 1262 949 1346 superius
979 1261 1140 1328 euidenter
1164 1281 1220 1328 er-

89 1367 201 1451 pressit
216 1369 271 1436 ite
284 1367 456 1452 incipiens:
479 1366 566 1435 dieo
589 1368 736 1448 entem,
759 1366 912 1450 spiritu
933 1365 1157 1449 ambulete,
1181 1369 1219 1432 et

90 1470 293 1537 desideria
327 1473 456 1543 ternis
485 1487 562 1536 non
594 1469 839 1553 perficietis.
883 1487 971 1535 οοτο
1000 1471 1102 1535 enim
1130 1486 1218 1535 een·

65 1573 270 1659 „cupiscit
292 1577 481 1642 aduersus
503 1575 709 1658 spiritum,
732 1572 903 1657 spiritus
918 1589 1009 1639 nere
1024 1575 1218 1639 ednereue

89 1697 272 1745 eernsmr
295 1679 390 1745 hese
411 1679 549 1744 eutem
569 1677 741 1744 inuicem
771 1677 1036 1743 aduertentur
1057 1677 1153 1753 siti,
1175 1677 1220 1742 ut

90 1799 155 1849 nen
179 1800 454 1866 qneeeumque
474 1781 600 1848 uultis
629 1781 704 1846 illu
725 1779 897 1847 feeietis.
935 1797 1013 1863 quse
1035 1797 1105 1846 een
1128 1780 1248 1848 utre-2

92 1905 154 1969 qne,
177 1885 214 1951 id
241 1889 292 1951 est
312 1885 464 1952 desidente
493 1885 594 1952 ternis
616 1888 648 1951 et
668 1884 800 1967 spiritus
821 1885 855 1950 in
877 1901 939 1949 une
962 1887 1132 1967 eodemque
1153 1883 1218 1949 sint

91 1990 227 2073 humine,
261 1988 450 2055 intestinum
483 1988 597 2056 eetidie
631 1989 715 2054 intre
746 2005 803 2054 nee
832 1986 952 2072 geritur
980 1985 1110 2065 beilum,
1142 1985 1218 2051 dum

66 2095 340 2178 neonuupiseentie
368 2093 479 2171 uernis,
510 2110 589 2177 ques
611 2092 851 2176 pmeeipitnnter
871 2091 971 2156 fertur
992 2089 1032 2155 ed
1054 2089 1144 2168 uitis,
1167 2089 1219 2153 his

94 2215 166 2281 ques
190 2199 235 2264 ed
256 2199 452 2282 praesentem
474 2196 613 2280 requiem
634 2197 794 2279 pertinent
808 2194 931 2261 delieiis
944 2194 1070 2278 gaudet.
1104 2193 1219 2276 quitus

93 2303 242 2366 euentre
271 2299 522 2385 eenenpiseentie
550 2301 679 2383 spiritus
707 2298 875 2368 ednersetu
903 2297 950 2363 ite
974 2295 1131 2362 desideret
1151 2297 1219 2362 tete

94 2403 294 2486 spiritulibus
315 2403 428 2470 studiis
449 2403 622 2482 indemens,
644 2405 681 2468 ut
703 2403 799 2468 etiem
814 2399 1003 2468 necessarius
1025 2400 1127 2466 eernie
1142 2416 1219 2464 usus

68 2612 218 2695 „opturet
239 2612 408 2695 fregditeti
430 2612 496 2676 eius
518 2626 625 2677 eurem
647 2610 774 2694 penitus
802 2608 958 2693 inpertire.
996 2624 1067 2674 eum
1086 2606 1218 2673 luxuriis

95 2732 128 2780 ee
155 2713 293 2780 libidine
320 2714 503 2791 delectetur,
532 2712 660 2798 spiritus
688 2732 727 2779 ne
760 2713 835 2797 ipsis
866 2712 992 2795 quidem
1024 2709 1218 2777 naturalitus

96 2818 256 2887 desideriis
284 2818 467 2901 sdqnieseit
504 2816 561 2883 ilie
588 2818 673 2900 eupit
702 2816 811 2883 sederi
843 2832 963 2896 somne,
990 2813 1105 2897 repleri
1139 2813 1249 2896 uitet

96 2920 145 2986 hie
172 2922 221 2987 ite
249 2920 369 3005 uigiliis
391 2922 423 2987 et
444 2922 568 2989 ieiuniis
590 2920 762 3007 saginetur,
788 2924 825 2986 ut
846 2938 885 2985 ns
906 2922 945 2986 ed
966 2920 1069 3001 ipsum
1091 2917 1219 3001 quidem

96 3028 303 3092 nemeserium
331 3028 415 3092 uites
441 3044 534 3093 usum
561 3044 704 3092 somnum
732 3023 900 3107 situmque
928 3023 1008 3089 uelit
1039 3020 1217 3088 admittere.

71 3128 152 3195 sitis
165 3128 327 3195 uniuersis
342 3128 508 3197 erutor-ere
524 3129 620 3213 sepiis
635 3128 837 3210 uenenpiseit,
859 3126 911 3193 tie
926 3145 966 3191 ne
980 3125 1078 3210 ipsine
1093 3124 1219 3208 quidem

99 3232 201 3323 exigui
232 3232 322 3315 penis
354 3231 543 3297 cotidienem
571 3231 781 3298 nutrientium
814 3230 929 3296 hebere
961 3229 1126 3295 uertentes
1159 3230 1218 3294 eet.

99 3333 228 3401 tenteris
251 3333 311 3399 iiie
330 3334 478 3401 nitesuere
500 3336 533 3401 et
554 3332 719 3401 cotidienis
748 3332 946 3403 eduientinm
972 3332 1080 3400 euueis
1100 3331 1221 3415 edpetit
1289 3381 1293 3390 .

100 3436 276 3521 ensupmi,
299 3437 350 3503 hie
371 3436 512 3520 squalore
526 3436 663 3503 sordium
686 3439 718 3503 et
740 3435 962 3503 ineeeessibilis
982 3434 1101 3501 heremi
1123 3432 1219 3499 uesti-

100 3542 162 3607 tete
190 3541 365 3623 eungeudet
391 3541 631 3622 punctorumque
661 3539 842 3605 montelium
863 3539 1070 3622 prementium
1091 3536 1219 3621 perher-

198 3750 217 3805 8
237 3750 256 3804 i.
272 3766 297 3807 e·
315 3748 415 3805 ld-rii

147 3944 238 4001 tuse
260 3942 292 3999 X
392 3946 409 3999 6
430 3942 570 4014 deriguere
591 3943 635 3999 D²
739 3942 982 4015 ioner010utem
1006 3944 1034 3999 P
1135 3942 1170 3999 14
1192 3944 1222 3998 in

100 4031 285 4087 tetimonium
306 4029 330 4087 0
433 4030 546 4088 uottidis
562 4030 626 4086 DX
689 4102 690 4105 Ἴ
728 4032 761 4087 16
784 4030 884 4087 diliciis
906 4030 978 4087 D¹P
1078 4031 1112 4090 19
1134 4030 1175 4100 nt]
1194 4032 1222 4085 et

105 4116 127 4173 0
226 4116 262 4171 20
278 4116 405 4192 inpertiri
421 4115 503 4176 1³¹0·
604 4116 640 4172 23
656 4118 772 4187 gelenii·
789 4117 831 4180 D¹
928 4117 963 4173 24
979 4132 1102 4176 somnum
1119 4117 1220 4175 enum·

103 4218 151 4273 qus
165 4201 283 4273 (eth)
301 4201 402 4261 DOX:
431 4219 452 4256 s.
471 4202 594 4273 sibosque
612 4202 640 4257 P
665 4218 840 4273 somnumque
857 4202 896 4259 W
976 4202 1057 4257 uellit
1072 4200 1152 4259 D¹P¹

103 4286 229 4343 edmitere
245 4288 275 4343 D
378 4288 413 4343 m
430 4288 584 4343 emuberere
600 4286 642 4341 12¹
740 4304 787 4343 nee
805 4286 861 4343 PX
957 4289 992 4344 nt
1008 4289 1102 4344 eettid.
1121 4288 1153 4344 Χ

104 4372 135 4428 ἴ(
152 4373 245 4429 euttid
263 4373 324 4429 DX
426 4376 513 4429 eoneie
529 4370 622 4429 ΙΜῘ-Π
725 4372 760 4429 29
777 4375 933 4443 perorneseit
955 4374 994 4430 W
