3009 5200
274 427 317 490 44
663 425 828 480 Iohannis
845 424 1005 480 Cassiani

277 617 313 678 et
335 613 627 694 penetrabilior
647 613 751 678 omni
768 614 905 698 gladio
920 611 1090 695 ancipiti
1106 613 1146 676 et
1159 612 1395 697 pertingens

277 733 398 798 usqua
419 716 464 781 ad
487 715 722 781 diuisionem
744 717 894 781 animae
915 735 960 782 ac
980 715 1165 799 spiritus,
1180 731 1396 797 eonpagnm

277 835 429 900 quoqne
449 835 491 882 ac
513 817 796 901 medullarum,
818 823 857 883 et
877 820 1079 884 diseretor
1101 818 1397 900 cogitationum

247 919 317 984 4et
338 919 609 985 intentionum
634 921 772 986 cordis.
810 922 922 1004 quibus
945 921 1198 986 manifestissime
1218 923 1397 988 declaratur

279 1023 397 1088 nullam
426 1024 494 1088 sine
520 1025 716 1090 discretionis
745 1024 852 1107 grstia
878 1024 1014 1106 perfecte
1033 1041 1121 1107 posse
1142 1024 1196 1088 nel
1215 1023 1321 1106 perlici
1342 1025 1397 1088 nel
1423 1050 1442 1088 e

280 1126 361 1190 stare
389 1127 546 1190 uirtutem.
584 1131 618 1190 et
643 1128 690 1191 ita
718 1129 784 1190 tam
812 1125 1038 1192 satiantem
1065 1143 1159 1208 qnam
1179 1125 1397 1192 uniuersorum

277 1229 432 1294 sententie
462 1227 625 1294 definitam
658 1231 705 1294 est
739 1229 956 1294 discretionem
990 1247 1065 1309 asse,
1098 1247 1177 1312 qnae
1211 1228 1270 1293 liro
1298 1228 1397 1312 gradu

278 1332 466 1414 intrepidum
483 1332 666 1398 mouaolrnm
682 1335 831 1413 perducat
853 1333 893 1398 ad
908 1335 1000 1398 deum
1014 1333 1250 1415 praedictaeque
1265 1330 1398 1397 uirtutes

279 1435 393 1517 iupiter
416 1437 573 1500 conseamt
596 1436 738 1518 inlaesae,
763 1455 834 1501 cnm
856 1454 920 1518 qua
934 1435 974 1501 ad
988 1435 1263 1502 consummationis
1279 1435 1398 1500 excelsa

279 1537 407 1620 lastigie
428 1539 546 1604 minore
567 1539 668 1620 possit
691 1538 877 1622 fatigatione
898 1540 1064 1604 conscendi
1085 1541 1117 1602 et
1139 1539 1204 1603 sine
1226 1556 1288 1620 qua
1302 1537 1397 1602 multi
1408 1559 1440 1598 ιο

279 1641 374 1705 etiam
407 1641 588 1723 propensius
616 1640 793 1706 laborantes
820 1640 1020 1722 perfectionis
1048 1641 1245 1724 nequiuerint
1273 1641 1398 1704 culmen

279 1741 449 1826 adtingere.
503 1743 643 1808 omnium
687 1761 821 1824 namque
863 1744 1019 1808 uirtutum
1061 1743 1250 1828 generatrix,
1292 1744 1398 1808 custos

278 1845 523 1927 moderatrixque
546 1845 690 1910 diseretio
713 1848 771 1910 eet.

322 1964 359 2028 V.
393 1965 435 2030 llt
468 1967 504 2030 ut
536 1964 616 2029 hano
644 1965 772 2030 eandem
804 1964 1015 2031 definitionem
1048 1964 1221 2048 antiquitus
1247 1983 1266 2032 a
1293 1968 1398 2032 sancto

279 2067 416 2132 maome
443 2071 476 2131 et
497 2066 606 2132 aeteus
634 2069 774 2149 patribus
801 2068 1029 2152 promulgatam
1048 2087 1155 2134 recens
1177 2087 1299 2150 qnoque
1318 2069 1439 2134 sicutne

279 2169 478 2255 promisimus
494 2169 655 2234 confirmet
669 2170 853 2252 exemplum,
876 2170 1003 2235 recolite
1017 2171 1050 2234 id
1064 2172 1148 2255 qnod
1162 2189 1261 2252 nuper
1273 2173 1399 2254 gestum

279 2271 439 2339 oculorum
452 2271 628 2336 neruorum
643 2271 766 2337 uidistis
780 2271 953 2352 obtutibus,
968 2291 1072 2338 senem
1083 2273 1231 2338 uidelicet
1241 2273 1399 2338 Heronem

280 2379 353 2441 ante
375 2392 488 2458 paucos
509 2374 676 2440 admodum
699 2375 764 2440 dies
785 2375 939 2440 inlusione
962 2374 1079 2441 <imboli
1101 2376 1269 2440 aerummis
1283 2377 1321 2439 ad
1335 2377 1400 2440 ima

280 2478 444 2554 deiectum,
467 2495 557 2558 quem
575 2477 801 2559 quinquaginta
817 2479 908 2542 annis
923 2477 956 2543 in
972 2478 1031 2543 lnac
1044 2477 1168 2543 heremo
1183 2479 1398 2544 conmoratum

280 2579 431 2664 anguini
452 2579 651 2646 districtione·
668 2579 801 2665 rigorem
824 2581 1034 2646 continentiae
1048 2581 1185 2647 munisse
1199 2582 1398 2647 meminimus
1409 2605 1439 2645 so

281 2685 313 2748 et
334 2683 510 2749 solitudinis
533 2686 654 2748 secreta
676 2682 761 2747 ultra
782 2699 887 2747 ornnes
909 2682 962 2746 hic
984 2687 1210 2749 commorantes
1231 2683 1310 2749 miro
1338 2684 1399 2749 ler-

251 2788 352 2854 inora
374 2788 539 2852 sectatum.
571 2785 622 2849 hic
645 2784 745 2866 igitur
766 2800 828 2865 qno
848 2787 936 2867 pacto
959 2803 1059 2867 quana
1077 2785 1198 2851 radone
1212 2788 1282 2867 post
1294 2789 1399 2852 tantm

280 2889 402 2954 labores
417 2890 463 2953 ab·
472 2887 651 2952 insidiatore
667 2886 793 2950 delusus
808 2886 992 2968 gramssimo
1007 2905 1157 2952 conruens
1169 2889 1398 2971 lapenounctos

280 2994 312 3057 in
334 2991 392 3057 hac
406 2992 532 3056 heremo
547 2990 732 3054 constitutos
746 2989 890 3054 luctuoso
904 2989 1010 3055 dolore
1024 2992 1197 3071 percussit?
1211 3009 1312 3057 nonne
1326 2992 1400 3073 quia

280 3096 383 3159 minus
419 3091 615 3159 discretionis
649 3092 767 3157 uirtute
799 3110 940 3174 passsam
971 3094 1035 3157 sois
1066 3092 1299 3159 delinitionibus
1331 3094 1436 3177 regis

280 3214 373 3278 quam
410 3195 546 3261 consiliis
583 3196 634 3261 uel
672 3194 902 3260 conlationibus
945 3196 1080 3260 lratrnm
1114 3200 1209 3277 atque
1244 3198 1400 3263 institutis

280 3302 431 3365 maiorum
453 3300 563 3365 maluit
586 3298 750 3364 oboedire?
773 3298 929 3379 siquidem
950 3300 1039 3363 tanto
1061 3300 1164 3381 rigore
1184 3299 1399 3365 inmutabilem

280 3402 388 3467 ieiunii
416 3401 639 3466 continentiam
668 3418 789 3482 semper
816 3402 951 3465 exercuit
981 3403 1014 3465 et
1042 3400 1221 3467 solitudinis
1243 3402 1401 3483 cellaeque

279 3507 324 3570 ita
351 3504 468 3587 ingiter
494 3505 615 3569 secrete
637 3504 777 3569 sectatus
801 3508 857 3581 est
886 3505 923 3569 nt
944 3505 982 3569 ab
1004 3521 1039 3569 eo
1060 3503 1330 3587 participationem
1350 3503 1401 3569 in·

280 3608 374 3673 eundi
411 3624 482 3672 cum
518 3605 712 3671 fraternitate
749 3605 885 3671 conuiuii
918 3626 957 3671 ne
988 3606 1146 3671 ueneratio
1182 3605 1307 3688 quidem
1339 3605 1438 3675 dieis

251 3712 433 3793 3paschalis
457 3710 622 3792 aliqnando
644 3709 781 3792 potuerit
803 3708 951 3774 obtinere.
986 3707 1020 3772 in
1041 3726 1103 3791 qua
1117 3708 1267 3774 fratribus
1281 3707 1400 3773 cunctis

331 3966 406 4035 3ao]
425 3969 453 4020 ct
469 3966 520 4020 Xe
611 3964 751 4018 dantonii
771 3960 829 4016 DX
919 3960 1089 4015 ldiflnitnm
1106 3958 1137 4015 D
1222 3962 1276 4014 finu
1293 3960 1335 4015 D*

281 4086 561 4141 cananaeorum
656 4084 688 4137 ra
700 4055 863 4152 gentem>
955 4078 1078 4149 reexpe
1092 4080 1195 4147 (sonu
1283 4079 1312 4133 a]
1329 4078 1403 4133 sorre-

281 4171 411 4225 citudinis
432 4171 479 4227 W¹
582 4170 616 4225 22
638 4172 714 4239 panto
737 4169 780 4222 1)Ι
883 4168 917 4221 24
939 4182 971 4220 no
992 4168 1038 4220 W¹
1141 4166 1270 4234 perculsit
1286 4165 1316 4218 D
1345 4180 1404 4233 per·

282 4256 388 4311 oulitc
489 4256 723 4311 indiscretionem
743 4254 835 4310 121127ι
936 4252 971 4307 26
994 4251 1079 4321 adque
1100 4252 1138 4307 W
1238 4251 1271 4305 22
1295 4250 1404 4305 mallait

287 4342 333 4399 W¹
437 4342 648 4397 30neratioW
746 4337 957 4408 almedis}
