3009 5200
464 491 625 550 contario
650 491 899 559 nx1111‚re-1e.
1180 496 1241 562 691

120 687 274 770 qualitate
289 683 497 750 membrorum
513 703 592 766 quae
604 683 719 749 fuerint
731 686 878 765 occupata
889 682 1100 767 distinguitur.
1124 685 1273 750 etenim2

120 797 192 854 cuin
215 806 316 854 arcem
341 789 484 869 corporis,
508 787 539 852 id
563 790 611 852 est
634 790 727 870 caput
758 787 807 851 uis
830 787 913 852 noxii
935 787 1052 852 umoris
1074 787 1239 866 obsederit,

119 892 306 974 cefalargiae
344 894 483 972 procreat
519 891 708 974 passionem:
750 910 821 956 cum
858 907 932 955 nero
968 910 1058 956 aures
1095 892 1240 957 oculosue

119 995 302 1078 perurserit,
327 994 359 1058 iu
383 994 552 1077 otalgicum
575 993 642 1058 sine
664 993 912 1076 ophthalmicum
929 994 1064 1059 uertitur
1079 994 1239 1060 morbum:

96 1117 191 1164 eoum
208 1117 240 1162 se
256 1098 295 1161 ad
310 1095 457 1162 articulos
473 1107 609 1179 quosque
625 1100 656 1161 et
672 1097 711 1161 ad
723 1115 872 1162 manuum
888 1115 1010 1162 summa
1024 1096 1239 1172 transfuderit,

119 1200 298 1266 articularis
330 1203 424 1282 atque
453 1197 627 1284 chiragrica
656 1199 772 1266 dicitur
801 1199 954 1266 ualitudo:
980 1217 1050 1265 cum
1072 1202 1178 1265 autem
1201 1203 1240 1266 ad

117 1309 231 1387 pedum
263 1305 327 1368 ima
362 1301 534 1379 defluxerit,
564 1307 698 1388 podagra
726 1307 848 1368 mutato
878 1303 1003 1369 nomine
1025 1304 1238 1386 nuncupatur:

119 1413 226 1490 totque
250 1406 408 1471 uocabulis
432 1425 494 1472 una
516 1407 610 1487 atque
640 1407 750 1471 eadem
773 1408 854 1471 noxii
877 1409 993 1472 umoris
1017 1407 1103 1490 origo
1125 1407 1238 1472 distin

117 1511 236 1593 guitur,
269 1515 343 1592 quot
374 1511 584 1575 membrorum
614 1511 730 1591 ceperit
751 1510 919 1591 portiones.
958 1509 1067 1575 eodem
1088 1512 1179 1575 modo
1202 1508 1270 1573 dea

85 1612 297 1680 inuisibilibus
321 1615 357 1678 ad
381 1611 552 1677 inuisibilia
575 1615 774 1677 transeuntes
804 1614 925 1678 animae
947 1612 1073 1678 nostrae
1096 1611 1238 1695 partibus

116 1722 210 1800 atque
245 1721 281 1780 ut
316 1717 361 1781 ita
397 1715 528 1781 dixerim
565 1715 712 1780 membris
748 1717 813 1781 uim
850 1716 997 1798 cuiusque
1031 1715 1102 1782 uitii
1138 1715 1238 1781 inesse

117 1820 292 1885 credamus.
330 1838 424 1901 quam
447 1837 518 1882 cum
533 1819 755 1901 sapientissimi
772 1818 884 1901 quique
898 1819 1074 1902 tripertitae
1089 1819 1238 1884 definiant

116 1941 180 1990 esse
209 1923 348 2004 uirtutis,
379 1941 502 1986 necesse
533 1924 580 1986 eet
610 1925 643 1986 ut
667 1926 721 1986 aut
750 1913 888 2004 topiaria
915 1923 948 1988 id
970 1925 1017 1987 est
1039 1922 1236 2000 rationabile,

116 2031 172 2093 aut
193 2018 343 2109 θυμικόν,
366 2027 398 2090 id
422 2028 469 2090 est
489 2025 660 2105 irascibile,
691 2029 745 2090 aut
767 2019 1015 2111 ἐπιθυμητικόν,
1039 2027 1069 2090 id
1094 2029 1142 2091 est
1165 2043 1237 2091 con·

83 2130 297 2212 rocupiscibile
312 2131 379 2194 eins
395 2129 500 2210 aliquo
519 2132 741 2211 conrumpatur
756 2132 891 2194 incursu.
925 2149 996 2194 cum
1012 2149 1084 2215 ergo
1099 2131 1237 2212 aliquem

116 2253 152 2298 er
182 2233 232 2296 bis
261 2231 436 2297 adfectibus
468 2233 517 2296 uis
546 2233 653 2297 noxiae
682 2230 840 2298 obsederit
869 2234 1028 2315 passionis,
1062 2251 1119 2316 pro
1147 2232 1236 2296 illius

115 2335 313 2420 corruptione
335 2335 432 2400 etiarn
454 2335 533 2400 uitio
555 2353 668 2400 nomeu
684 2334 852 2419 inponitur.
885 2353 958 2400 nam
973 2335 999 2400 si
1015 2334 1267 2402 rationabilem4

114 2439 181 2504 eius
210 2442 330 2522 partem
362 2439 509 2503 uitiorum
540 2440 634 2521 pestis
664 2437 815 2518 infecerit,
854 2440 1053 2517 cenodoxiae,
1079 2438 1235 2518 elationis,

114 2543 259 2618 inuidiae,
296 2541 469 2626 superbiae,
507 2543 778 2626 praesumptionis,
816 2543 1034 2620 contentionis,
1072 2542 1236 2608 haereseos

77 2646 192 2712 nuitia
214 2647 396 2729 procreabit.
434 2646 462 2711 si
484 2646 671 2713 irascibilem
693 2647 907 2713 uulnerauerit
927 2665 1063 2720 sensum,
1085 2646 1235 2724 fororem,

111 2748 346 2834 inpatientiam,
380 2750 555 2828 tristitiam,
590 2750 741 2831 acediam,
775 2750 1067 2833 pusillanimitatem
1100 2749 1235 2815 crudeli·

111 2857 271 2937 totamque
300 2855 462 2936 parturiet.
500 2855 527 2919 si
557 2854 829 2936 concupiscibilem
856 2854 1029 2937 corruperit
1049 2857 1233 2937 portionem,

110 2958 374 3039 gastrimargiam,
405 2956 654 3035 fornicationem,
681 2956 883 3041 filargyriam,
906 2959 1071 3023 auaritiam
1094 2960 1126 3021 et
1148 2956 1234 3022 desi·

111 3060 197 3123 deria
219 3060 310 3125 noxia
332 3064 515 3143 terrenaque
540 3061 710 3142 generabit

77 3206 104 3246 rs
155 3176 240 3245 XVI.
271 3178 311 3245 Et
340 3184 453 3246 idcirco
483 3182 509 3245 si
540 3182 655 3246 fontem
687 3181 758 3246 uitii
789 3181 882 3246 buius
907 3188 939 3247 ot
962 3181 1112 3264 originem
1135 3181 1233 3246 uultis

111 3298 287 3365 agnoscere,
312 3282 532 3349 rationabilem
548 3284 664 3349 montis
680 3294 803 3349 nestrae
818 3291 911 3368 atque
925 3286 1047 3350 animae
1061 3287 1232 3366 portionem

160 3468 177 3521 2
203 3469 323 3523 humoris
350 3468 427 3523 codd.
538 3472 555 3524 3
580 3471 734 3540 acefalarcie
761 3471 799 3525 Β·
830 3473 979 3541 cefalargye
1007 3473 1030 3527 0
1057 3472 1233 3541 oaefnlugiae

110 3554 168 3609 rett
264 3570 344 3623 qunm
368 3556 399 3621 Ο,
416 3556 481 3609 itan
497 3556 577 3621 infre
674 3557 883 3612 ⁴tobtolmicurn
901 3558 985 3614 BOK
1010 3558 1120 3627 opralm.
1137 3558 1169 3614 F

108 3639 230 3709 badqus
248 3641 275 3695 B
361 3640 531 3711 ciragricaO
558 3642 711 3715 chiragreca
728 3644 770 3698 11¹
855 3643 982 3698 ualetudo
999 3645 1069 3699 ΒΨ*
1149 3645 1232 3700 8hu·
1269 3715 1271 3718 .

109 3726 192 3779 moris
215 3722 291 3780 codd.
336 3796 340 3806 .
395 3724 560 3796 innodo
661 3727 695 3783 10
719 3734 808 3798 partes
831 3730 872 3784 K·
974 3732 1006 3784 11
1029 3726 1164 3801 adqneB

109 3810 265 3881 autumnans
283 3794 342 3867 nrt
435 3814 468 3867 re
485 3812 575 3883 quan}
594 3812 641 3883 pn
659 3809 692 3869 rr
786 3813 817 3870 ra
834 3816 971 3871 mannos
987 3816 1045 3870 BF
1133 3812 1233 3889 paea

107 3896 199 3950 matta
226 3894 253 3950 a
277 3896 305 3951 id
333 3901 374 3954 eet
399 3900 495 3955 otto
573 3971 575 3981 Ι
614 3900 648 3954 14
673 3898 838 3969 epitumo!
863 3900 922 3982 ΒΕ
956 3904 1109 3974 symon
1133 3897 1167 3959 K

107 3982 380 4054 nmey'itnt'tnr'drtd
404 3982 622 4055 errroytfittrtorr
639 3986 698 4042 BF
763 3984 992 4058 concupiscibilem
1010 3987 1050 4043 11*ι
1126 3992 1158 4046 15
1174 4008 1230 4045 cor·

107 4066 267 4135 anemeel
284 4066 323 4122 a·
404 4068 436 4125 re
453 4071 584 4147 aaran
656 4061 879 4141 petrenessa
960 4055 992 4129 rb
1009 4087 1095 4143 ease
1114 4070 1231 4153 oxum-

106 4152 178 4207 sset!
197 4150 239 4207 K*
268 4152 388 4209 hereseob
404 4154 463 4211 reti.
544 4152 579 4211 20
595 4155 743 4227 procreauit
760 4158 858 4213 ΒΕΓ
938 4158 971 4214 21
989 4157 1102 4214 aciditrti
1120 4146 1162 4215 K*

107 4237 292 4294 crddelittitem
314 4242 352 4311 βό
453 4242 488 4297 22
510 4245 667 4315 corruperit]
685 4246 905 4315 uulneraueritd
1005 4242 1039 4301 23
1063 4245 1230 4319 cantritdarg.

106 4325 146 4378 Β1
250 4319 373 4396 fylargir.
391 4326 422 4383 Β
447 4323 560 4401 filargir.
579 4327 611 4385 K
710 4332 744 4387 24
761 4328 900 4403 geumtmt
917 4332 947 4387 F
1045 4332 1080 4387 25
1097 4332 1161 4388 XVI
1178 4351 1230 4389 om.

106 4412 139 4466 K
238 4410 274 4465 26
289 4412 374 4482 adque
391 4414 430 4469 Βι

1071 4522 1129 4577 ss*
