3009 5200
435 427 592 484 conlatio
614 429 683 495 1111,
703 431 771 486 1-4
1125 435 1168 501 99

88 617 216 684 sudditis
237 621 353 684 mentis
375 621 423 685 est
445 621 571 686 trudito.
607 624 664 687 unt
686 620 769 686 snim
791 621 831 686 ds
852 621 1051 706 neglegentia
1065 626 1170 687 nostra

87 725 120 784 nt
141 724 171 786 ds
197 721 420 806 inpugnatione
449 721 565 790 diaboli
593 726 649 788 ant
676 726 714 790 ds
741 723 970 806 dispensatione
994 723 1112 790 domini
1133 743 1169 789 so

86 823 224 905 probatione
257 823 428 892 deseendit.
465 829 497 890 et
524 825 561 891 de
585 826 784 910 neglegentia
816 827 951 909 quidem,
985 847 1056 892 oum
1090 827 1169 892 uitio

85 931 156 989 rutro
186 929 292 1009 tepore
327 930 529 1010 praesedents
565 930 820 1013 ineiroumspsote
856 933 980 994 nosmet
1015 931 1099 1013 ipsos
1138 935 1169 994 et

74 1029 203 1095 remissius
224 1030 407 1097 exhibentes
430 1035 463 1097 et
483 1051 537 1115 per
558 1035 705 1118 ignauam
728 1032 878 1099 desidiam
900 1032 999 1097 noxiis
1021 1032 1169 1114 oogitati·

84 1129 160 1196 oribus
184 1135 263 1215 pasti
294 1138 410 1200 terram
440 1136 538 1201 sordis
568 1137 667 1202 uestri
696 1136 802 1219 spinas
828 1136 861 1200 et
882 1134 1014 1201 tribulos
1034 1135 1168 1200 issimus

84 1236 223 1316 germinare,
253 1239 368 1319 quibus
390 1239 421 1302 in
444 1256 480 1302 ea
501 1237 734 1320 pullulantibus
764 1241 985 1320 consequenter
1013 1236 1168 1302 elisimus

83 1337 169 1402 steriles
183 1338 274 1420 atque
298 1338 338 1404 sb
355 1340 440 1404 omni
465 1339 600 1421 spiritali
614 1339 720 1405 iruotu
735 1341 769 1404 st
783 1341 1047 1424 contemplatione
1059 1339 1167 1405 ieiuni.

84 1441 107 1504 le
126 1440 336 1525 inpugnatione
364 1461 438 1508 uero
462 1443 588 1521 diaboli,
612 1461 683 1508 oum
706 1443 803 1510 etiam
826 1443 914 1509 bonis
936 1460 1167 1527 nonnumquam

67 1543 162 1606 erudis
186 1543 282 1610 dediti
313 1543 431 1610 callido
459 1545 637 1612 subtilitete
666 1547 807 1612 mentem
828 1551 966 1612 nostrum
988 1547 1167 1612 aduerssrio

83 1646 221 1813 ptluetums
243 1647 297 1711 uel
311 1647 490 1730 ignorantes
512 1651 551 1714 ab
567 1649 693 1731 optimis
712 1648 940 1714 intentionibus
956 1650 1170 1716 abstrahimur
1230 1669 1240 1687 ·

84 1768 96 1813 r
130 1749 218 1815 inniti
999 1778 1001 1780 ·

108 1869 166 1934 llll.
186 1869 434 1952 Dispensatiouis
456 1873 562 1937 autem
585 1889 621 1937 ao
643 1871 832 1954 probotionis
854 1872 968 1956 duplex
991 1889 1085 1940 eausa
1108 1873 1166 1936 est.

84 1972 160 2054 prinu,
183 1974 218 2037 ut
238 1974 400 2057 paulisper
421 1993 440 2039 a
460 1973 584 2040 domino
613 1975 755 2040 derelioti
777 1978 811 2040 et
832 1976 949 2040 mentis
970 1979 1097 2040 nostres
1118 1976 1166 2039 in-

68 2074 226 2140 elrnitntem
261 2078 429 2142 humiliter
464 2079 621 2144 intuentes
666 2097 757 2160 super
793 2079 994 2161 presuntionis
1031 2080 1168 2161 puritate

85 2179 160 2261 ordis,
189 2197 267 2262 qnae
304 2181 396 2247 nobis
429 2184 477 2246 est
510 2183 597 2247 illins
626 2181 808 2248 uisitatione
835 2185 958 2264 donata,
991 2181 1169 2246 nullatenus

85 2281 237 2360 extollamur,
267 2284 497 2367 probantesque
526 2301 582 2350 nos
610 2286 649 2350 ab
679 2287 788 2351 eodem
815 2284 977 2350 derelictos
999 2282 1169 2368 gemitibus

86 2389 165 2450 ruins
194 2388 223 2450 st
250 2386 411 2452 industria
435 2388 528 2453 illum
550 2388 688 2455 laetitiae
712 2407 749 2453 ao
769 2389 916 2471 puritatis
938 2391 1057 2453 statum
1079 2405 1169 2452 reon·

86 2503 159 2565 puare
177 2506 236 2554 non
251 2507 344 2572 posse
359 2489 578 2574 intellegamus
594 2494 625 2557 st
639 2491 841 2573 praeteritam
857 2491 958 2556 sordis
973 2491 1168 2555 alacritatem

68 2610 124 2655 eron
139 2596 233 2658 uodro
247 2593 362 2673 studio,
389 2593 442 2659 sed
457 2594 545 2659 illins
561 2595 650 2661 nobis
665 2593 846 2677 dignatione
861 2594 1017 2660 oonlatam
1032 2595 1064 2659 et
1078 2612 1167 2675 prae·

86 2699 169 2760 entem
182 2698 218 2761 do
231 2697 333 2779 ipsius
347 2716 470 2763 rursum
481 2700 584 2781 gratia
596 2702 627 2764 et
641 2698 880 2764 inluminatione
891 2716 959 2763 esse
972 2696 1167 2779 poscendum.

86 2800 182 2864 uonnda
200 2818 274 2865 nero
296 2800 490 2883 probationis
513 2805 560 2867 est
582 2818 682 2877 sauss,
706 2804 742 2866 nt
757 2801 985 2884 perseuerantia
999 2802 1104 2866 nostra
1117 2800 1200 2866 nell

86 2904 164 2967 nentis
183 2906 357 2971 constantie
378 2906 410 2969 eb
431 2904 619 2971 desiderium
637 2906 853 2986 conprobetur,
875 2904 909 2969 st
923 2922 985 2986 qna
997 2903 1170 2969 intentione

86 3004 153 3071 ordis
179 3009 228 3073 nel
260 3010 436 3074 orationum
467 3006 619 3073 merentia
650 3009 842 3073 deserentem
874 3026 930 3072 nos
956 3006 1169 3072 uisitationem

68 3110 155 3173 sueti
181 3113 309 3193 spiritns
345 3112 549 3193 requiramus,
578 3110 799 3175 manifestetur
820 3110 852 3175 iu
873 3108 969 3187 nobis,
994 3126 1032 3174 ao
1053 3109 1180 3192 pariter·

86 3218 257 3293 guuosntss,
289 3218 405 3297 quanto
431 3214 538 3280 labore
561 3216 710 3280 emissum
739 3213 826 3279 istud
854 3212 996 3297 spiritale
1021 3211 1169 3294 gandium

86 3313 245 3395 etpuriiatis
266 3318 392 3383 laetitie
413 3319 622 3400 oouqniratur,
644 3316 811 3382 sollicitius
832 3316 995 3408 inuentam
1015 3314 1170 3380 onsbodire

86 3423 211 3484 oteness
231 3421 390 3487 adtentius
405 3424 594 3487 studeamus.
618 3421 842 3503 quodammodo
857 3421 939 3485 enim
954 3418 1170 3503 neglegentius

87 3521 200 3588 usbodiri
219 3526 302 3590 solet
322 3524 471 3608 quidquid
494 3524 632 3589 ereditur
653 3524 747 3590 laoile
768 3540 859 3607 posse
879 3523 1024 3605 reparari.
1050 3582 1055 3587 .

119 3790 130 3842 1
151 3794 291 3849 sterelitate
312 3794 456 3851 WO¹PX¹
558 3795 576 3849 2
602 3794 705 3849 diaboli
730 3794 801 3849 ΒΨ
900 3794 918 3847 4
944 3796 1061 3863 tompore
1086 3790 1170 3848 D¹W

89 3870 122 3927 ΟΡ
199 3879 400 3949 prosedentsO
485 3880 599 3949 uosmet]
617 3896 665 3933 uos
685 3880 725 3937 W
820 3879 992 3949 5ignauiam
1008 3878 1103 3941 D¹0P

87 3957 242 4029 lgermunare
263 3966 307 4021 D¹
410 3967 427 4021 8
449 3966 554 4021 sterelis
578 3964 649 4019 D¹P
676 3966 786 4020 sterslss
807 3964 894 4022 W¹O¹
997 3964 1030 4019 ab
1048 3964 1130 4034 omui]
1155 3980 1171 4018 a

86 4054 177 4167 ndo
272 4087 370 4141 ieiunis
394 4086 464 4143 12¹0
570 4087 588 4141 e
614 4087 688 4141 suis
714 4103 766 4143 ab
791 4085 834 4139 1)ι
941 4086 974 4140 11
999 4085 1169 4155 muana

90 4180 120 4235 W¹
203 4188 234 4243 14
254 4193 361 4245 mentes
384 4189 425 4243 D*
527 4188 561 4243 22
585 4190 782 4257 perseuerantia
804 4189 834 4243 D
935 4188 971 4243 26
993 4192 1053 4243 siut
1079 4187 1103 4243 O

89 4264 212 4328 burmis
228 4275 285 4331 ΒΟ
377 4276 411 4330 29
429 4275 560 4330 testudine
577 4275 618 4329 D¹
648 4275 782 4331 custodire
802 4274 889 4332 W¹P¹
981 4274 1115 4344 quidquid
1130 4274 1170 4329 P:
1197 4294 1201 4298 ·

90 4355 183 4424 lliuuid
197 4359 323 4419 DWOX
424 4376 544 4431 reparare
560 4360 601 4416 D¹
631 4362 719 4431 parari
741 4361 766 4416 0
965 4357 968 4363 ’

1031 4465 1069 4519 ’μ

1030 4589 1272 4828 981ρῆ94
