3009 5200
464 449 622 506 conlatio
646 449 700 517 III,
718 449 810 506 8-16,
1158 449 1196 517 81

70 641 135 702 seis
162 639 264 720 qnia
295 643 340 703 tu
369 658 407 703 es
438 638 553 704 miser
582 642 619 702 et
650 639 895 704 miserabilis
919 643 956 704 et
985 656 1132 724 pauper
1160 637 1211 705 et‘

69 760 200 806 caecus
237 744 279 806 at
313 744 449 819 nudus,
483 742 628 807 suadeo
658 742 735 805 tibi
770 761 893 808 amare
923 761 942 807 a
970 761 1027 808 me
1062 761 1196 808 aurum

67 844 240 928 ignitum
264 845 474 926 probatum
497 849 536 910 ut
560 844 742 926 locuples
766 845 859 924 lias,
883 845 1196 912 etucstimentis

65 947 161 1011 albis
194 947 385 1013 induaris
414 952 454 1012 et
477 967 548 1012 non
579 949 769 1030 appareat
793 949 972 1013 confusio
996 948 1196 1014 nuditatis

49 1069 156 1114 sanae.
197 1055 279 1116 sunt
302 1069 422 1133 quoqne
444 1050 576 1127 mediae,
603 1049 698 1115 idest
714 1069 792 1132 quae
807 1056 934 1134 possunt
949 1052 1001 1116 uel
1015 1051 1113 1118 bonae
1129 1059 1226 1122 esset

64 1153 108 1217 nal
130 1155 247 1219 malas.
286 1155 328 1218 'ad
351 1157 516 1237 utramque
538 1153 622 1218 enim
644 1155 766 1235 partem
787 1170 843 1236 pro
866 1153 997 1220 arbitrio
1019 1157 1071 1220 uel
1094 1156 1194 1237 quali·

63 1261 120 1324 tate
155 1258 327 1322 utentium
370 1257 610 1322 transferuntur.
663 1256 701 1322 de
741 1258 854 1339 quibus
891 1258 999 1323 beatus
1034 1258 1193 1341 apostolus

63 1361 278 1438 diuitibus,
310 1361 364 1444 ait,
396 1361 530 1425 mundi
560 1360 678 1424 huius
707 1359 894 1442 praecipe
923 1379 996 1426 non
1025 1361 1195 1426 sublime

63 1483 216 1546 sapere,
251 1482 323 1528 nec
353 1481 511 1547 sperare
540 1464 580 1528 in
611 1463 765 1528 incerto
792 1463 1044 1540 diuitiarum,
1067 1465 1134 1528 sed
1157 1465 1194 1530 ln

38 1569 122 1632 :odeo
144 1568 220 1650 qui
244 1569 431 1651 praestat
453 1567 562 1632 nobis
586 1567 740 1632 abunde
763 1567 951 1631 omniead
967 1566 1192 1646 fruendum,

62 1673 145 1733 bene
182 1670 340 1753 facere,
375 1669 498 1734 facile
532 1669 731 1752 tribucre,
766 1671 1075 1745 communicare,
1109 1671 1192 1735 the-

61 1773 270 1837 saurizare
300 1771 377 1837 sibi
408 1773 709 1838 fundamentum
741 1773 886 1837 bonnm
921 1774 959 1837 in
994 1771 1191 1848 futurum,

62 1879 97 1940 nt
124 1877 435 1958 adprehendant
464 1895 593 1941 ueram
621 1876 753 1940 uitam.
792 1895 868 1958 quas
892 1878 1006 1942 iterum
1028 1876 1115 1943 diues
1137 1877 1192 1942 ille

61 1982 88 2044 in
102 1980 275 2064 euangelio
291 1981 429 2045 retinens
446 1999 482 2046 ac
497 1997 690 2064 nequaquam
709 1979 924 2062 indigentibus
939 1981 1191 2058 subministrans,

35 2084 93 2147 ede
115 2085 210 2148 cuius
235 2084 330 2148 micis
353 2085 463 2149 satiari
485 2102 600 2166 pauper
622 2084 757 2147 Lazarus
773 2087 844 2149 aute
859 2084 939 2147 fores
955 2085 1019 2148 ains
1035 2084 1191 2166 expositus

60 2189 214 2268 cupiebat,
249 2187 453 2252 intolerandis
483 2187 639 2269 gebennas
669 2187 794 2268 ignibus
821 2189 854 2251 et
875 2190 1002 2251 aeterno
1025 2190 1191 2270 deputatur

60 2289 164 2354 ardori.

96 2411 136 2475 X.
173 2409 244 2474 Has
275 2409 375 2494 igitur
409 2409 551 2474 nisibiles
582 2410 692 2474 mundi
725 2409 853 2475 diuitias
885 2409 1096 2491 relinquentes
1130 2427 1191 2475 non

61 2517 192 2594 nsum,
218 2513 276 2576 sed
301 2511 420 2576 alienas
441 2511 590 2576 abibimus
606 2511 781 2592 facultates,
798 2512 941 2593 quamuis
956 2531 1007 2578 aas
1023 2512 1191 2594 gloriemur

34 2618 108 2679 anal
138 2618 253 2681 nostro
284 2614 390 2680 labore
420 2616 576 2697 quaesitas
606 2616 660 2681 uel
688 2618 853 2696 parentum
882 2618 921 2681 ad
943 2633 996 2680 noa
1019 2615 1190 2682 hereditate

61 2719 272 2785 transmissas.
311 2718 391 2783 nibil
414 2719 498 2783 enim
519 2724 555 2783 nt
578 2720 641 2783 dixi
664 2723 808 2784 nostrum
830 2722 876 2783 est
898 2720 958 2783 nisi
981 2720 1039 2784 hoc
1052 2720 1188 2798 tantum,

61 2824 137 2903 quod
162 2821 260 2886 corde
280 2840 456 2904 possessum
472 2822 564 2903 atque
579 2822 701 2887 animae
716 2825 839 2887 nostrae
854 2821 1020 2887 cohaerens
1033 2842 1052 2887 a
1067 2822 1189 2887 nemine

60 2929 161 3005 potest
186 2943 314 3008 prorsus
336 2924 460 2989 auferri.
484 2925 522 2989 de
543 2924 606 2989 illia
622 2924 728 2990 autem
743 2924 922 2989 uisibilibus
936 2924 1057 2990 diuitiis
1072 2925 1111 2991 ad
1128 2943 1188 3009 eos,

60 3028 109 3108 qni
131 3028 208 3092 illas
231 3030 394 3109 tamqnam
417 3027 557 3110 proprias
575 3028 764 3093 retentantes
780 3029 1006 3093 communicare
1020 3028 1189 3113 indigenti-

32 3130 115 3195 sbus
131 3129 258 3209 nolunt,
281 3130 443 3212 increpans
459 3131 596 3213 loquitur
619 3128 776 3195 Christus:
799 3130 833 3194 si
858 3130 898 3194 in
920 3131 1068 3196 alienis
1092 3131 1188 3196 lide-

59 3233 112 3297 les
134 3251 210 3298 non
236 3231 390 3317 fuistis,
415 3234 514 3315 quod
537 3236 711 3298 uestrum
733 3236 792 3297 eat
814 3233 899 3315 quia
921 3234 1032 3300 dabit
1053 3235 1188 3300 uobis?

61 3339 225 3403 euidenter
248 3337 344 3420 igitur
365 3337 423 3402 has
446 3336 572 3401 diuitias
595 3337 712 3401 alienas
735 3354 802 3403 esse
824 3353 886 3401 non
908 3338 1010 3401 solum
1033 3340 1188 3404 cotidiana

59 3440 251 3523 experientia
273 3443 371 3517 docet,
394 3458 503 3505 nerum
519 3439 614 3505 etiam
629 3440 785 3504 sententia
799 3437 917 3505 domini
932 3443 1000 3524 ipsa
1020 3441 1186 3522 appellati·

60 3563 112 3608 one
130 3544 285 3626 signauit
318 3542 354 3607 de
376 3541 588 3607 inuisibilibus
604 3560 676 3608 uero
691 3541 895 3624 pessimisque
910 3542 1031 3608 diuitiis
1046 3542 1216 3625 loquitur?

158 3714 203 3769 81
216 3714 288 3769 Tim.
302 3716 325 3781 6,
339 3713 441 3768 17-19
517 3714 549 3767 16
561 3712 595 3767 cf.
606 3714 670 3766 Luc.
684 3712 725 3778 16,
739 3712 772 3767 19
782 3728 838 3781 aqq·
908 3714 942 3767 26
954 3712 1016 3769 Luc.
1030 3712 1117 3780 16,12

107 3869 227 3923 diunius
246 3868 338 3923 mnndi
356 3869 409 3924 Dr
510 3868 543 3922 16
560 3869 649 3923 omnia
666 3868 792 3923 habunde
809 3868 840 3923 D
938 3868 971 3923 la
987 3866 1185 3937 adpraehendat

63 3954 105 4008 W¹
205 3955 241 4007 15
257 3956 357 4009 saciare
373 3955 416 4009 D¹
446 3955 562 4009 saturari
581 3954 655 4010 OXo
750 3954 941 4009 eleazamuao
977 3985 979 3988 -
1035 3955 1067 4007 16
1085 3969 1185 4022 geenne

60 4040 81 4092 0
184 4046 212 4094 at
231 4056 280 4093 om.
296 4040 381 4095 DOP
482 4041 513 4092 ll
536 4040 629 4095 ardore
651 4040 692 4095 1]ι
796 4042 830 4096 18
849 4041 881 4095 X
896 4056 954 4096 aon
971 4041 1117 4111 dicimis

61 4126 89 4179 19
112 4126 260 4181 abiciamus
280 4127 303 4182 0
391 4125 426 4179 22
444 4126 527 4193 adque
545 4125 603 4179 ΠΡ
705 4127 851 4195 qnoberens
876 4127 899 4182 0
999 4126 1034 4183 23
1057 4128 1091 4181 ad
1114 4143 1184 4182 crae.

59 4213 88 4264 aa
108 4212 155 4267 D:
184 4228 232 4266 om.
260 4213 288 4266 P
394 4210 429 4264 24
454 4211 567 4279 propriis
594 4211 635 4264 D¹
737 4213 883 4265 retinentes
913 4212 936 4267 0
1036 4213 1071 4266 25
1096 4214 1184 4269 alieno

63 4297 84 4349 0
181 4298 265 4351 fidelia
297 4298 346 4353 W¹
459 4295 492 4347 29
518 4296 702 4351 inuisibilibus
719 4296 850 4352 1>²W0²:
879 4297 1035 4351 nisibilibue
1055 4296 1184 4353 D¹0¹Po

1065 4487 1083 4539 6
