3009 5200
355 469 358 476 ’
463 473 619 531 conlatio
641 473 762 540 mni,
778 474 890 531 24-25.
1173 477 1237 546 703

114 668 247 735 iterum:
277 665 367 749 qnia
396 665 526 730 rectae
555 666 643 730 uias
672 664 837 746 domini,
860 670 899 732 et
921 667 1025 732 recti
1047 667 1236 733 incedent

115 775 153 839 in
175 773 252 837 sis:
275 768 621 854 praeuaricatores
642 787 734 833 uero
760 773 954 834 conruent
975 769 1016 834 in
1038 771 1106 836 eis.

156 891 255 959 XXV.
278 889 399 956 Maiora
420 887 518 971 igitur
540 885 629 954 nobis
643 906 699 970 per
714 884 976 956 conluctationom
990 891 1235 974 temptationum

113 995 213 1061 laudis
246 992 383 1059 contulit
417 992 556 1075 praemia
586 991 722 1075 benigna
751 1010 826 1077 erga
856 1010 912 1058 uos
933 993 1037 1078 grstia
1057 995 1234 1072 saluatoris,

92 1115 206 1182 aquam
236 1098 264 1164 si
293 1113 415 1163 omnem
439 1113 458 1160 a
479 1095 568 1161 nobis
597 1095 817 1161 necessitatem
838 1097 1019 1161 certaminis
1042 1097 1233 1162 abstulisset.

114 1203 230 1268 etenim
244 1198 439 1266 sublimioris
454 1198 749 1281 praestantiorisque
764 1199 894 1264 nutntis
906 1201 956 1263 est
965 1199 1233 1282 persecutionibus

112 1305 331 1387 aerumnisque
353 1302 510 1367 uallatum
531 1318 657 1367 manere
680 1319 803 1385 semper
824 1300 1008 1368 inmobilem
1030 1305 1062 1368 ct
1083 1305 1123 1369 ad
1144 1321 1233 1385 prae·

113 1408 193 1475 sidia
207 1407 258 1472 dci
272 1405 371 1471 ddum
385 1407 478 1488 utque
492 1405 684 1488 intrepidum
696 1405 872 1489 perdurare,
884 1404 1089 1491 humanisque
1101 1407 1233 1472 incursi·

113 1511 171 1577 bns
201 1510 289 1575 uolut
319 1509 414 1576 armis
445 1507 581 1574 inuictae
605 1509 736 1574 uirtutis
758 1507 935 1574 accinctum
956 1509 1174 1591 gloriosissime
1196 1511 1235 1575 do

80 1611 299 1698 roiupatientia
321 1611 514 1694 triumphare
536 1615 568 1675 ct
583 1612 743 1694 adquirere
759 1612 984 1694 quodammodo
998 1613 1036 1678 de
1049 1611 1234 1678 infirmitate

113 1717 278 1793 uirtutem,
302 1715 376 1799 quia
398 1715 528 1780 uirtus
551 1713 591 1778 in
613 1713 859 1780 infirmitate
881 1713 1110 1797 perficitur.
1147 1716 1264 1781 soced

112 1821 215 1886 euim
244 1818 331 1885 dedi
362 1818 416 1898 te,
445 1818 547 1900 inquit
569 1813 723 1900 dominns,
745 1817 785 1881 in
808 1818 1028 1884 columnam
1049 1817 1233 1892 ferream,

112 1927 149 1989 et
171 1921 208 1988 in
232 1939 380 1986 murum
404 1919 1234 2005 aereum,superomnemterram‚regibus

112 2027 225 2104 Inda,
248 2028 285 2090 et
305 2021 575 2108 prinoipibus‚
598 2027 635 2087 ot
657 2023 934 2089 sacerdotibus
956 2025 1061 2107 eins,
1077 2025 1232 2090 otomni

78 2129 258 2213 rspopulo
290 2130 430 2193 terrae.
467 2127 507 2190 ot
536 2124 747 2192 bellabunt
779 2126 985 2192 aduersum
1017 2130 1069 2211 te,
1099 2128 1138 2193 ot
1163 2146 1233 2193 non

111 2229 420 2316 praeualebunt:
450 2229 541 2312 quia
569 2247 638 2314 ego
668 2231 798 2295 tecum
824 2249 923 2310 sum,
952 2235 994 2296 ut
1024 2250 1155 2297 eruam
1177 2234 1233 2308 te,

112 2335 394 2402 sitdominus.
431 2349 503 2416 erpo
532 2334 703 2397 secundum
733 2351 851 2397 moram
881 2333 999 2398 domini
1031 2332 1232 2400 traditionem

110 2440 163 2504 uis
191 2436 278 2521 regia
306 2435 413 2502 suauis
442 2434 658 2513 adiecisset,
684 2435 761 2500 iicet
782 2434 860 2499 dura
880 2438 913 2500 ct
934 2453 1045 2517 aspera
1067 2436 1231 2503 sentiatur.

110 2541 161 2625 pie
190 2540 274 2606 onim
305 2556 341 2605 ac
369 2534 502 2605 fideliter
531 2538 701 2604 sarcientes
731 2556 804 2604 cum
826 2538 960 2604 tulerint
982 2541 1091 2624 iugum
1114 2539 1262 2607 domini3

75 2660 202 2727 „snper
232 2662 265 2709 se
296 2650 329 2708 ot
357 2640 524 2709 didicerint
550 2644 590 2708 ab
619 2660 654 2706 eo
684 2641 760 2723 quia
788 2641 905 2706 mitis
935 2649 981 2707 est
1010 2645 1047 2708 et
1068 2642 1232 2711 humilis

109 2748 240 2830 corde,
277 2750 340 2816 iam
368 2748 595 2833 quodammodo
631 2751 825 2813 terrenarum
859 2746 1039 2828 passionum
1075 2746 1232 2812 sarcinam

109 2855 297 2935 deponentes
327 2870 387 2917 non
416 2852 563 2929 laborem,
593 2855 646 2917 sed
675 2852 814 2933 requiem
835 2850 998 2915 animabus
1021 2851 1085 2917 suis
1107 2850 1231 2917 domino

109 2958 289 3039 praestanto
317 2951 504 3040 repperiunt,
534 2954 616 3019 sicut
645 2972 700 3039 per
729 2953 923 3020 Hieremiam
953 2953 1138 3036 prophetam
1164 2953 1231 3037 ipse

110 3061 247 3126 testatus
284 3062 332 3124 est
364 3056 486 3124 dicens:
515 3061 621 3123 state
654 3076 772 3139 super
805 3056 904 3139 uias,
940 3060 977 3122 et
1008 3056 1162 3135 uidete,
1192 3059 1232 3122 et

74 3160 360 3245 reinterrogate
382 3157 426 3227 dc
447 3160 604 3226 semitis
626 3160 824 3243 anthuis,
846 3176 944 3244 quae
966 3158 1229 3240 situiabona‚

109 3268 151 3331 et
166 3263 367 3331 ambulate
388 3264 426 3329 in
443 3281 505 3330 ea:
529 3263 1071 3347 etiuuonietisreirigerium
1086 3262 1229 3329 anima-

109 3368 352 3434 bnruestris.
375 3365 1260 3450 ficutnamqneoiscontinuoprauaindirectum,4

209 3549 295 3607 roe
320 3552 360 3619 ra
379 3552 415 3607 ro
517 3550 776 3617 111lcor.1a,s
877 3552 994 3608 merem.
1018 3553 1161 3617 1,1s-19

107 3628 325 3707 concrum
424 3632 686 3706 cerussaque
788 3631 1007 3706 couneus

161 3810 173 3863 l
201 3808 247 3863 uia
271 3808 299 3864 Β
409 3810 484 3881 recti]
512 3810 579 3865 insti
609 3811 678 3866 OZc
702 3816 729 3865 ct
757 3810 877 3880 Μαίη
982 3808 1111 3864 incedunt
1139 3810 1162 3865 Ο

105 3894 125 3949 2
150 3896 277 3949 cormunt
302 3894 361 3949 ΒΒ
392 3896 503 3949 currunt
529 3894 553 3951 0
653 3896 670 3950 6
695 3894 930 3966 praestatiorisque
955 3892 987 3949 Β
1086 3893 1103 3948 d
1127 3908 1230 3963 semper

105 3990 214 4035 mucre
239 3978 263 4036 0
364 3980 398 4035 ed
421 3980 555 4050 praesidia
577 3973 619 4035 dei
641 3980 724 4035 lidum
749 3977 816 4036 BFc
845 3982 987 4036 aduenam
1002 3996 1032 4035 sc
1049 3980 1229 4035 rescientibus

106 4066 210 4120 cunctis
227 4068 331 4120 certum
350 4064 382 4121 de
399 4066 532 4136 pracsidio
550 4064 593 4121 dot
612 4062 684 4123 OZo
772 4066 893 4137 seuque
908 4066 937 4123 Β
1032 4067 1065 4121 10
1081 4065 1229 4135 pationtiae

106 4150 148 4206 13¹
178 4146 310 4222 patieutis
326 4144 400 4208 ΒΨ
495 4152 524 4207 ll
544 4152 572 4207 in
590 4146 687 4208 ΜΒ
787 4153 820 4207 12
835 4146 932 4225 inquid
948 4150 1030 4208 ΒΟΖ
1055 4150 1150 4222 inquid
1167 4150 1229 4207 dedi

105 4242 135 4292 ts
153 4233 186 4293 F
284 4236 318 4293 lu
339 4236 454 4308 saroam]
475 4236 587 4293 semum
610 4236 650 4293 B’
751 4250 855 4294 omnem
873 4251 924 4296 ouo.
943 4239 971 4294 Β
1072 4240 1106 4293 14
1123 4240 1152 4293 ct
1165 4244 1229 4308 poet

106 4322 238 4379 Iudaoes
254 4321 305 4380 ΟΖ
394 4322 428 4379 16
438 4324 479 4395 ut]
493 4328 521 4379 et
533 4322 592 4381 BF
682 4322 714 4379 1?
726 4326 775 4396 ait]
788 4324 894 4381 dicito
978 4324 1113 4380 minema
1136 4337 1227 4380 nomm

108 4408 152 4466 Oc
238 4408 273 4465 23
289 4410 422 4481 reperient
443 4408 513 4467 OZc
598 4410 755 4467 iheremiam
777 4409 801 4467 0
884 4410 918 4465 at
936 4410 1039 4467 directa
1056 4409 1101 4467 Oc
