3009 5200
271 461 337 528 300
664 459 829 513 Iohannis
847 457 1005 514 cessioni

271 665 431 732 negamus.
468 649 575 710 utrum
598 649 703 710 eutem
725 647 757 710 et
778 645 967 711 dormientes
987 647 1048 712 bno
1062 647 1276 731 inquietudine
1291 667 1398 714 cerere

268 750 424 834 possimus
447 747 590 812 uolumus
613 748 743 812 edoceri.
782 748 904 813 duobus
925 767 1062 833 nemque
1075 751 1113 816 de
1129 751 1230 816 oensis
1245 752 1398 834 possibile

269 852 327 916 boe
357 869 422 916 osse
450 851 703 915 concredimus:
734 868 811 932 quse
832 851 906 916 licet
927 854 1044 934 ubsque
1068 852 1257 918 uerecundia
1278 872 1398 937 neque·

267 973 359 1020 smus
386 953 485 1030 efferi,
513 957 628 1034 tomen,
657 954 802 1037 quonism
829 953 888 1019 boo
914 957 1086 1021 medicinae
1107 956 1205 1038 ipsius
1227 959 1397 1022 necessitas

268 1057 364 1142 cogit,
388 1074 574 1139 quaesumus
597 1061 634 1122 ut
656 1074 727 1122 cum
749 1059 841 1121 uenis
861 1058 918 1140 tui,
942 1058 1046 1141 sique
1060 1059 1141 1124 fonte
1155 1058 1397 1124 inuerecundius
1421 1083 1438 1121 s

270 1160 388 1226 luerint
410 1160 576 1235 denudem,
600 1160 763 1240 suscipias.
798 1159 936 1241 primum
959 1179 1033 1244 ergo
1055 1165 1112 1240 est
1128 1161 1279 1245 quodpor
1292 1161 1398 1225 somni

270 1265 406 1347 quietem
439 1262 554 1328 mentis
588 1264 692 1345 uigore
724 1263 828 1328 lsnsto
863 1261 1025 1329 obseruari
1058 1282 1252 1347 nequequam
1285 1264 1397 1328 uolent

271 1365 355 1432 illius
371 1363 573 1430 conmotionis
587 1362 736 1446 obreptio,
748 1364 894 1440 seeundo,
906 1366 989 1448 quod
1004 1367 1102 1432 etism
1116 1368 1225 1431 urinse
1238 1366 1395 1441 collectio,

271 1485 344 1534 oum
366 1468 488 1533 uesiose
509 1468 712 1548 capacitatem
734 1467 966 1550 quiescentibus
993 1470 1085 1534 nobis
1110 1469 1298 1535 indesinenti
1320 1487 1398 1535 oon·

270 1573 356 1638 fluxu
372 1571 485 1637 interni
501 1571 616 1636 umoris
630 1571 811 1655 oppleuerit,
830 1572 944 1638 excitet
958 1573 1100 1639 membre
1114 1573 1295 1655 meroeutis,
1311 1574 1395 1654 quod
1408 1599 1437 1638 ιο

271 1675 369 1739 etism
395 1674 536 1758 paruulis
562 1675 613 1740 uel
642 1676 830 1757 spadonibus
859 1675 969 1741 eedem
996 1676 1202 1742 nibilominus
1228 1679 1297 1760 lege
1318 1693 1397 1740 con-

271 1778 376 1861 tingit.
414 1779 495 1843 unde
517 1777 552 1843 fit
574 1780 621 1856 ut,
644 1779 672 1843 si
694 1797 753 1843 uon
770 1779 940 1844 oblectatio
960 1780 1102 1846 libidinis
1117 1781 1263 1845 uulnerst
1276 1777 1397 1843 mentis

270 1881 446 1958 adsensum,
476 1881 655 1946 confusione
681 1885 788 1947 temen
816 1899 886 1947 eum
918 1882 1067 1948 humiliet
1097 1882 1261 1965 turpitudo
1292 1898 1398 1946 mom·
1492 1931 1496 1938 .

268 1983 405 2048 brorum.

313 2087 352 2151 X.
390 2103 613 2152 caismos:
658 2088 801 2169 Apparet
836 2107 893 2154 uos
936 2091 1069 2154 necdum
1104 2106 1198 2154 uerso
1233 2086 1438 2155 oestitstisne

270 2190 432 2273 sgnomese
453 2189 615 2271 uirtutem,
638 2191 888 2273 quondoquidem
915 2192 1122 2258 districtionis
1144 2191 1261 2256 auxilio
1283 2207 1351 2254 eoru
1374 2205 1397 2252 s

271 2291 477 2374 uigilantibus
499 2296 624 2357 tuntum
646 2294 776 2359 creditis
798 2295 957 2373 retcnbsri,
981 2299 1014 2359 et
1034 2295 1110 2360 inde
1132 2297 1182 2359 est
1203 2292 1284 2377 qnod
1298 2293 1396 2376 putu-

271 2395 314 2460 tis
343 2412 361 2458 c
386 2394 613 2460 dormientibus
642 2397 732 2479 qussi
761 2396 862 2478 rigore
891 2398 989 2462 enimi
1016 2398 1154 2462 resoluto
1180 2396 1394 2480 iutegritstom

273 2517 332 2563 non
353 2515 441 2581 pome
462 2498 590 2563 seruari.
626 2517 717 2581 porro
742 2499 872 2564 csstitm
892 2517 956 2566 non
977 2499 1228 2566 uturbitrumini
1241 2497 1398 2564 districti·

272 2602 338 2666 onis
360 2602 524 2683 pracsidio,
547 2602 601 2667 ssd
623 2622 729 2669 emere
750 2604 800 2669 sui
821 2610 855 2669 et
868 2607 1010 2689 propriso
1023 2604 1172 2687 puritatis
1186 2602 1438 2669 delectctioues·

272 2704 425 2769 subsistit.
463 2724 525 2770 non
553 2707 636 2771 enim
658 2710 797 2789 castitas,
823 2708 879 2772 sed
900 2708 1092 2774 continentis
1113 2705 1238 2783 dicitur,
1258 2704 1314 2769 ubi
1335 2706 1395 2770 sd·

241 2806 332 2872 ilbuc
360 2806 388 2871 ei
417 2808 521 2891 sliqm
543 2810 664 2874 resistit
690 2811 865 2877 eduensibus
890 2812 1072 2894 uoluptatis.
1109 2812 1225 2875 uidetis
1247 2825 1320 2891 erpo
1343 2807 1396 2872 bis

272 2910 326 2993 qui
348 2912 504 2975 mstitetis
526 2910 673 2977 sffsomm
695 2932 750 2996 per
771 2914 822 2980 dei
847 2916 984 2999 gestiens
1005 2914 1189 2979 medullitus
1212 2912 1397 2994 receperunt

272 3012 477 3079 districtionis
499 3016 704 3081 cemtionem
725 3035 798 3081 oum
811 3017 972 3083 dormiunt
987 3037 1049 3084 nou
1063 3018 1181 3095 obesse,
1203 3034 1283 3100 punc
1296 3013 1395 3079 infide

271 3116 369 3181 etium
397 3116 603 3201 uigilmtibus
630 3119 753 3185 relicus
781 3120 957 3197 certissimo
984 3121 1204 3203 conprobstur.
1240 3116 1436 3200 quidquid»

271 3220 356 3283 enim
383 3237 454 3283 cum
483 3219 590 3285 lubere
612 3222 826 3305 conprimitnr‚
852 3224 1042 3306 temporales
1065 3222 1228 3290 diminuti
1249 3221 1394 3304 praestat

272 3322 420 3401 indubia,
451 3340 513 3387 non
545 3326 652 3390 tomen
684 3330 867 3409 perpetum
899 3328 1078 3393 mourihtin
1109 3327 1248 3410 quietem
1278 3322 1395 3389 tribuit

271 3424 343 3507 poso
357 3424 509 3491 booron:
525 3425 675 3510 quidquid
689 3430 795 3494 sutem
811 3428 964 3510 profunda
977 3428 1075 3495 fuerit
1089 3428 1209 3493 uirtute
1222 3426 1393 3504 deuictum,

270 3526 388 3609 absque
415 3527 482 3593 ulln
510 3530 736 3613 inquietudinis
760 3532 933 3617 suspicione
960 3534 1154 3617 conpositum
1176 3533 1285 3616 iugcnn
1303 3527 1393 3612 pacis

323 3744 427 3799 llmc
442 3746 628 3817 inquietudine
645 3749 675 3801 Π
759 3751 933 3819 speremus
948 3751 990 3804 11¹
1074 3750 1212 3822 possibile]
1227 3766 1305 3821 ponc
1321 3765 1393 3805 sorr.

266 3832 453 3899 uperiten
535 3834 977 3905 dous(qui20)oeilioet11¹0
1060 3838 1245 3893 deli-urin
1327 3836 1396 3906 quit

270 3935 295 3985 n
377 3920 825 4025 suanm-rpnnmedn
923 3939 1133 3995 ommno
1231 3938 1397 3994 oman·

269 4036 299 4087 Σ
326 4032 486 4092 maiuli
510 4040 612 4095 uenies
629 4043 664 4093 Τ·
746 4044 942 4112 mpedtsteli
1032 4046 1067 4099 10
1084 4042 1244 4098 morele
1273 4044 1395 4097 humoris

268 4121 324 4174 ῬΟ
425 4124 609 4179 lbusereii
709 4125 955 4183 lidecumb)
1056 4128 1326 4184 ldhntumonl‘

271 4208 511 4263 lddestr.2110
607 4210 845 4267 llsubuistetli¹
939 4214 1166 4269 continentius!
1259 4211 1395 4270 bidom

268 4292 358 4346 sno
455 4294 735 4367 sequqsnnno
830 4299 1119 4370 mmmm
1215 4298 1396 4354 sturmin

269 4381 296 4431 o
394 4379 558 4447 qums
659 4383 913 4453 seruauere
