3009 5200
284 452 348 521 548
670 449 840 505 Iohannis
861 447 1023 506 cassiani

287 640 499 707 insbnmsuta
536 640 709 705 imitatum
745 636 890 703 omnibns
925 636 966 704 ab
1002 637 1141 705 bumana
1177 637 1413 705 muneratione

255 744 428 811 2diserstis
459 746 623 829 suppetere
653 760 715 808 non
740 758 900 825 negamus
936 760 1008 808 oum
1031 741 1187 827 usigitur
1207 742 1412 825 inpatientiae

285 866 340 914 asu
355 848 420 914 iras
435 844 720 930 perturbationibus
735 844 888 911 manuari
902 843 969 911 illis
982 844 1098 928 quibua
1112 864 1207 929 supra
1217 846 1413 913 ostendimus

286 950 409 1019 inditiis
443 950 655 1034 uuusquisque
687 947 937 1033 deprehenderit,
974 946 1140 1014 sontiariis
1175 948 1278 1015 mmet
1308 950 1413 1033 ipsum

285 1054 511 1121 obiectionibus
543 1072 665 1137 semper
697 1055 848 1127 onerosat,
879 1054 913 1117 et
941 1051 1111 1137 propositis
1131 1051 1194 1119 sibi
1214 1052 1449 1119 multimodiss

284 1156 469 1225 iniuriarum
499 1156 795 1242 dispendiorumque
822 1155 988 1239 generibus
1017 1154 1107 1221 uelut
1133 1154 1175 1221 ab
1202 1155 1265 1223 alio
1286 1154 1414 1223 sibimet

284 1260 438 1342 inrogatis
471 1258 664 1325 adsuefaoiat
702 1263 841 1325 mentem
879 1278 970 1325 anam
1003 1259 1149 1325 omnibns
1186 1277 1265 1342 quas
1297 1257 1414 1325 inferre

284 1363 458 1446 inprobitas
480 1364 586 1446 potest
607 1363 745 1445 perfecta
769 1362 951 1429 humilitate
966 1362 1183 1443 subonmbsre,
1198 1365 1293 1446 utque
1305 1381 1414 1447 sapora

285 1467 349 1533 tibi
369 1486 509 1551 quaeque
531 1468 564 1533 et
585 1466 797 1533 intolerabilia
825 1467 1004 1551 frequenter
1031 1467 1189 1551 obponens
1222 1469 1342 1551 quauta
1367 1466 1413 1531 eis

284 1589 442 1637 ooenrrere
479 1570 591 1637 debeat
633 1568 765 1635 leuitate
807 1569 893 1636 omui
932 1571 1047 1655 ingiter
1088 1570 1192 1637 sordis
1227 1568 1413 1637 contritione
1421 1592 1447 1631 lo

284 1672 471 1741 meditetur:
502 1674 535 1739 et
563 1673 610 1739 ita
631 1674 800 1757 respitiens
821 1676 862 1739 ad
882 1672 957 1739 illas
978 1674 1158 1739 sauobrum
1180 1672 1324 1739 omnium
1345 1672 1413 1739 sius

284 1775 383 1863 ipsius
405 1776 522 1843 domini
544 1775 700 1858 passiones
731 1775 878 1841 uniuersa
902 1794 965 1841 nou
985 1775 1090 1843 solum
1112 1776 1335 1859 oonnieiornnu,
1358 1776 1413 1843 sed

285 1880 383 1946 etiam
404 1896 572 1963 poenam
593 1896 707 1961 genera
728 1877 878 1945 iuferiora
902 1878 1026 1945 meritis
1040 1877 1106 1945 auis
1120 1897 1190 1945 sase
1204 1880 1412 1963 pronuntians

255 1982 324 2050 bed
347 2001 473 2048 omnem
493 2000 526 2047 ss
549 1980 692 2047 dolorum
718 1980 918 2047 tolerantiam
947 1982 1157 2065 praeparabit.
1195 2000 1330 2065 eumque
1351 1980 1412 2047 ali-

284 2086 408 2169 qnando
429 2086 469 2151 ad
491 2086 596 2151 suetus
618 2084 756 2149 fratrum
778 2084 885 2166 aliqua
912 2081 1011 2149 tuerit
1031 2086 1219 2152 inuitatione
1240 2087 1411 2164 renouatus,
1423 2105 1449 2146 a

285 2188 367 2271 qnod
400 2206 461 2254 uon
490 2188 593 2271 potest
622 2204 685 2254 non
713 2186 768 2253 uel
796 2206 867 2255 raro
895 2188 993 2255 stiam
1021 2188 1265 2255 distriotiasimis
1294 2188 1412 2254 heremi

284 2290 399 2359 adoolis
421 2289 595 2375 pimenius,
616 2290 643 2357 si
661 2293 800 2358 mentem
814 2310 904 2357 auam
921 2291 1018 2359 stiam
1032 2309 1089 2375 pro
1103 2291 1223 2358 nilibna
1238 2289 1412 2376 quibusque

284 2392 378 2461 rebus
398 2393 634 2479 deprehenderit
655 2394 753 2461 teeits
775 2394 873 2461 fuisse
900 2396 1089 2479 conmotam,
1112 2399 1150 2461 ut
1164 2394 1293 2479 qnidam
1308 2395 1412 2461 omnl-

284 2503 388 2565 tornm
417 2500 560 2565 motuum
588 2498 806 2565 seuerissimus
835 2515 943 2563 osnsor
974 2517 1046 2565 mox
1075 2498 1137 2565 sibi
1167 2498 1225 2563 illa
1245 2495 1413 2563 umnam

285 2600 470 2670 iniuriarum
503 2620 628 2687 genera,
661 2601 776 2684 quibua
808 2604 848 2668 ad
880 2601 1050 2686 perfeetum
1081 2601 1282 2668 tolerantiam
1312 2600 1448 2667 umet»

285 2703 390 2790 ipsum
411 2703 575 2772 mtunuie
597 2703 855 2770 meditationibus
877 2705 1048 2782 exsroebat,
1072 2702 1237 2787 exprobret
1258 2705 1354 2788 atque
1367 2704 1413 2769 itu

285 2827 318 2876 ss
348 2807 516 2892 obiurgans
544 2810 576 2874 et
598 2809 763 2893 inorspans
782 2809 987 2892 adloqueturz
1016 2813 1094 2874 tune
1113 2807 1171 2874 ille
1188 2827 1232 2891 ea,
1254 2809 1334 2874 bone
1352 2807 1411 2891 uir,

285 2911 339 2996 qni
360 2914 403 2991 ts,
425 2913 501 2978 dnm
522 2910 557 2977 iu
579 2913 636 2980 illa
656 2911 835 2979 solitudinis
857 2918 931 2978 tuae
953 2911 1106 2978 exarseris
1121 2912 1290 2995 palaestra,
1305 2909 1413 2976 omnia

285 3017 505 3098 superaturum
537 3015 621 3082 mela
654 3017 906 3082 oonstautissims
937 3016 1168 3098 praesumebas,
1205 3014 1411 3099 quidudum,

285 3135 357 3184 oum
379 3115 439 3184 tibi
461 3135 524 3184 non
545 3119 647 3185 solum
670 3137 809 3184 summae
839 3118 1052 3184 oonnioiorum
1081 3117 1277 3197 acerbitates,
1299 3135 1445 3182 uerumee

286 3221 383 3288 stiam
414 3219 611 3288 intoleranda
646 3219 800 3306 supplicia
831 3222 899 3305 ipse
931 3239 1129 3306 proponeres,
1162 3221 1241 3286 satis
1270 3218 1411 3286 ualidum

255 3322 381 3410 totque
410 3323 451 3392 ad
480 3343 586 3392 omues
614 3325 766 3409 proeellas
792 3323 978 3392 inmobilem
1000 3327 1033 3390 ts
1062 3323 1232 3392 credebas?
1260 3321 1411 3408 quomodo

339 3631 406 3687 lab
424 3630 491 3686 BF:
521 3631 682 3688 animabo
711 3631 899 3703 etimabdo
990 3631 1008 3687 2
1025 3633 1258 3702 poeaeauppetare
1277 3630 1345 3700 Oto

287 3725 380 3781 baius
396 3725 437 3798 βυ
534 3724 631 3795 quibus
647 3725 715 3781 BF:
745 3741 814 3797 qnae
832 3726 899 3797 Opta
999 3726 1071 3798 bet]
1091 3729 1123 3781 nt
1140 3725 1197 3780 BF
1296 3721 1412 3778 tuelnd

286 3819 343 3876 3¹.
403 3819 636 3876 sueonum*
710 3821 838 3893 edqnsF
911 3821 1074 3891 itobponens
1087 3819 1189 3878 0K¹Z:
1211 3817 1344 3889 opprelt

287 3913 321 3968 12
338 3914 517 3970 eonnitiornm
534 3915 598 3986 ΒΨ
692 3918 725 3973 16
743 3917 862 3974 doeniot.
880 3916 974 3973 B¹F0
1066 3915 1100 3971 17
1118 3911 1219 3970 adeolia
1235 3913 1289 3969 1¹¹:
1316 3911 1412 3968 aetolis

288 4009 349 4064 reti.
461 4009 600 4080 perusnirs
626 4009 687 4066 BF
796 4028 845 4082 pro
871 4010 973 4067 uilibun
1002 4009 1037 4069 Oe
1066 4008 1253 4079 probabilibus
1278 4005 1339 4063 BF
1365 4019 1411 4076 pro

287 4103 393 4158 lenibus
413 4103 453 4176 βυ
553 4105 588 4160 21
612 4105 709 4162 oottid.
731 4105 766 4161 K
864 4106 991 4176 exprobet
1013 4105 1109 4162 ΒΜ
1213 4104 1300 4174 adque
1316 4103 1348 4158 F

287 4197 322 4251 ‘23
345 4201 373 4254 te
390 4198 490 4255 dudum
508 4199 579 4256 ΡΖ
679 4200 808 4256 uernans
823 4201 934 4272 seipsi:
962 4215 1094 4257 manseres
1111 4200 1189 4257 BFe
1217 4196 1372 4254 sueroersria
1390 4194 1413 4252 0

288 4294 876 4364 exmomesterosnatnos'arme.2)Z
960 4296 1143 4368 pbalestreK
1158 4293 1346 4365 palestrerett.

289 4385 324 4442 25
340 4387 520 4446 sonuitiorum
537 4391 599 4461 ΒΨ
701 4391 859 4448 astriotes
876 4392 914 4447 Β1
