3009 5200
254 425 300 496 58
648 427 813 483 Iohannis
831 424 990 482 cassiani

261 617 395 682 remedia
415 615 580 682 uulnerum
602 615 654 681 uel
675 615 818 699 exemplu
838 615 1082 683 munerationis
1100 635 1137 682 ao
1149 615 1235 682 uitae
1249 615 1381 683 fiduoiu·

258 719 333 785 liter
368 721 459 785 sumi.
498 719 531 784 in
564 718 676 800 quibus
707 734 816 800 parem
847 736 939 802 opem
966 722 999 784 st
1024 718 1161 785 similem
1188 720 1381 802 experiorm

258 821 413 906 edentum,
432 821 460 889 si
475 821 552 888 nihil
566 821 693 904 ponitus
708 820 854 888 adestare
867 823 973 887 nostro
988 822 1104 889 indieio
1119 839 1157 888 ao
1170 824 1382 906 praesumpti·

104 959 116 990 ·
222 921 316 991 lons
337 928 538 1010 temptemus.

301 1045 407 1112 XIIII.
430 1043 568 1128 Denique
590 1043 623 1108 iu
645 1047 771 1110 lautum
787 1044 905 1126 plueitu
919 1045 976 1110 deo
990 1044 1066 1110 haee
1079 1047 1235 1111 sententia
1248 1062 1380 1129 oonpro·
1402 1065 1418 1108 a

258 1147 359 1233 betur,
382 1151 417 1213 ut
440 1146 535 1214 etism
564 1145 728 1230 seripturis
753 1148 872 1214 sanetis
893 1147 973 1213 hano
995 1151 1125 1214 eandem
1145 1147 1380 1215 iustitutionem

257 1269 319 1316 non
348 1250 445 1316 otiose
473 1252 683 1334 repperiamus
712 1249 873 1327 insertum,
900 1250 949 1316 ite
969 1253 1007 1316 nt
1027 1267 1158 1334 puerum
1179 1249 1380 1317 Samuhelem

256 1353 373 1420 indioio
395 1353 583 1435 praelectum
606 1370 660 1418 sno
682 1353 782 1419 nollet
804 1353 1096 1437 persemetipsum
1110 1353 1210 1420 diuini
1225 1355 1380 1438 eonloquii

254 1455 421 1539 disciplina
452 1456 595 1522 dominus
629 1455 760 1534 erudire,
793 1458 848 1522 ssd
879 1475 1038 1523 reourrore
1069 1456 1166 1522 semel
1197 1460 1231 1522 et
1261 1457 1381 1523 iterum

255 1561 414 1644 pateretur
436 1559 476 1625 ad
498 1577 614 1640 senem,
636 1575 769 1642 eumque
782 1558 824 1624 ad
837 1575 930 1624 uuum
943 1576 1035 1641 quem
1050 1558 1184 1625 uouebat
1198 1558 1380 1642 adloquium
1389 1581 1419 1622 ιο

254 1661 351 1727 etiem
380 1662 466 1727 illins
494 1663 549 1744 qni
570 1660 741 1728 offenderat
762 1663 864 1743 doum,
886 1659 1054 1727 dummodo
1076 1660 1215 1739 senioris,
1237 1661 1381 1727 dootn'na

256 1764 353 1830 uellet
381 1763 517 1840 institui,
541 1767 573 1829 et
596 1781 687 1847 qnem
706 1781 765 1829 sna
786 1765 950 1830 nooatione
971 1763 1194 1849 dignissimum
1215 1764 1379 1840 iudiearut,

252 1867 383 1934 senioris
416 1868 525 1933 mallet
554 1865 753 1933 institutione
781 1867 920 1946 formari,
948 1871 987 1932 nt
1014 1867 1138 1933 soilioet
1161 1869 1195 1932 ot
1215 1867 1303 1932 illiue
1323 1869 1380 1950 qni

251 1971 295 2036 ad
328 1969 470 2036 diuinum
503 1969 712 2036 ministerium
741 1969 913 2036 nooabatur
941 1972 1125 2053 probaretur
1153 1970 1319 2036 humilitus
1345 1970 1380 2034 et

254 2073 427 2140 iunioribus
450 2073 549 2138 iorma
570 2072 770 2138 subiectionis
792 2072 884 2139 huius
906 2074 1126 2155 proponeretur
1148 2073 1300 2155 exemplo.
1389 2098 1418 2140 ιε

296 2193 364 2259 XV.
394 2193 526 2261 Paulum
554 2211 673 2277 quoqne
694 2213 749 2277 per
771 2195 995 2277 semetipsum
1017 2212 1132 2260 noeane
1155 2197 1188 2260 et
1208 2195 1378 2278 adloquens

213 2369 220 2394 f
254 2295 407 2376 Christus,
438 2315 510 2363 oum
534 2299 639 2378 posset
665 2297 693 2362 ei
715 2295 915 2380 perfeetionis
937 2298 1023 2363 uiam
1045 2316 1180 2364 reserare
1202 2296 1378 2374 oonfestim,

216 2418 222 2428 ·
252 2401 385 2484 dirigere
414 2400 454 2467 ad
483 2399 660 2466 Anueuiem
692 2399 816 2466 mauult
844 2402 877 2465 et
897 2399 937 2464 ub
960 2417 996 2466 eo
1018 2400 1105 2467 iubet
1126 2401 1211 2468 niam
1234 2400 1378 2467 neriano

254 2521 420 2588 agnoscere
436 2503 561 2568 dioens:
577 2519 696 2586 surge
720 2507 759 2567 st
780 2502 994 2586 ingredere
1016 2501 1243 2579 ciuitatem,
1267 2502 1379 2568 stibi

253 2604 335 2672 tibi
364 2606 525 2672 dioetnr
555 2604 648 2689 qnid
677 2609 714 2671 te
743 2609 933 2688 oporteat
962 2605 1103 2672 faeere.
1141 2608 1242 2672 mittit
1270 2606 1418 2691 itaquae·

253 2714 284 2776 et
307 2710 390 2777 huno
410 2710 450 2774 sd
472 2710 623 2777 seniorem
644 2726 778 2792 eumque
798 2708 883 2775 illius
911 2710 1017 2791 potius
1040 2709 1182 2776 doctrina
1203 2727 1295 2793 quum
1319 2726 1379 2774 sua

252 2817 358 2880 oonset
378 2814 512 2894 institui,
540 2833 579 2879 ne
600 2812 729 2892 soiliost,
753 2813 835 2896 quod
857 2816 941 2879 reete
955 2816 1079 2898 gestum
1094 2814 1207 2879 fnisset
1220 2812 1253 2877 in
1267 2811 1378 2894 Panlo,

252 2917 383 3000 postoris
405 2918 521 2982 malum
537 2915 796 3001 praesumptionis
813 2918 976 3001 praeberet
991 2916 1177 3001 exemplum,
1194 2918 1268 2982 dum
1282 2933 1379 2981 unns·

253 3020 380 3103 quisque
402 3018 528 3085 sibimel
549 3019 746 3103 persuaderet
768 3018 866 3086 simili
889 3020 980 3085 modo
1002 3039 1036 3086 so
1057 3036 1179 3103 quoqne
1201 3017 1313 3083 debers
1326 3015 1379 3083 doi

253 3122 349 3188 solius
372 3122 553 3206 magisterio
575 3126 670 3205 atquo
691 3121 833 3187 noenius
860 3122 965 3206 potins
987 3140 1081 3207 quum
1103 3122 1262 3190 seniorum
1283 3118 1418 3189 iusti-ss

220 3224 373 3294 diutione
403 3224 539 3291 formari.
575 3243 668 3308 quem
697 3224 981 3310 praesumptionem
1008 3225 1106 3290 etium
1127 3224 1195 3307 ipse
1216 3223 1377 3306 apostolus

251 3346 313 3393 non
335 3328 435 3394 solum
457 3327 586 3406 litteris,
610 3328 663 3393 sod
685 3327 782 3393 stiam
804 3343 893 3409 opere
909 3326 1003 3409 elque
1018 3326 1157 3411 exemplo
1173 3327 1261 3392 dooet
1275 3326 1377 3391 omui·

252 3430 351 3497 modis
363 3431 587 3513 detestandum,
601 3430 639 3498 ob
653 3432 711 3497 hoo
721 3430 915 3497 solummodo
926 3449 960 3497 so
970 3429 1116 3497 adsersus
1128 3428 1378 3513 Hierosolymam

354 3640 594 3711 moresne
697 3641 885 3709 resono

303 3835 514 3892 loouneruiouis
535 3836 575 3893 W
675 3834 855 3892 deummiO
954 3834 1163 3891 deffectumo
1258 3835 1378 3891 oetion

250 3924 280 3978 in
305 3921 357 3977 Do
460 3920 551 3977 sudem
576 3921 617 3977 D·
721 3920 737 3976 'l
763 3921 908 3977 manuelem
933 3921 1003 3979 WX
1102 3922 1122 3977 8
1146 3920 1215 3976 uolit
1239 3936 1273 3976 es
1295 3920 1379 3977 nollit

254 4006 294 4063 W
396 4006 428 4061 10
453 4022 531 4077 quem
558 4007 601 4063 D:
631 4006 702 4077 qnod
731 4007 796 4065 WO
897 4023 977 4077 quem
999 4006 1035 4063 ud
1056 4023 1134 4063 suum
1157 4008 1272 4074 <nm
1293 4006 1378 4076 sed)

250 4092 302 4149 Xe
389 4092 420 4148 11
437 4092 545 4147 dooriua
562 4092 643 4148 uellit
663 4092 698 4149 W
791 4093 824 4149 12
841 4092 973 4149 iudiearet
987 4092 1018 4148 D
1110 4093 1142 4149 18
1158 4091 1250 4149 mmo
1273 4092 1308 4147 W

252 4178 284 4234 ll
307 4177 393 4247 possit
413 4178 498 4234 D¹W
599 4176 794 4248 1ssu1uto
895 4180 1023 4235 manniam
1042 4178 1098 4236 ΟΧ
1198 4178 1261 4233 uult
1277 4176 1308 4233 D

250 4263 337 4333 mgis
354 4263 417 4318 nult
436 4262 486 4321 W‘
587 4264 623 4319 10
643 4263 733 4334 itaque
750 4278 785 4319 eu
801 4279 885 4335 moue
905 4264 945 4321 W
1043 4264 1079 4321 28
1101 4263 1299 4320 hierosolimam
1314 4264 1379 4321 DX

251 4348 448 4405 hierusolimam
469 4349 508 4406 W
535 4348 735 4405 iherosolimam
755 4348 780 4404 0
