3009 5200
451 485 611 540 Conlatio
629 483 731 549 XXIII,
750 484 859 538 11-12.
1153 485 1215 551 657

95 673 352 756 fraudulentoque
375 675 548 739 conmerolo
571 673 690 739 uenditi
706 693 822 741 sumus.
862 691 984 738 omnem
999 675 1082 738 enim
1097 673 1214 756 prolem

94 798 184 844 suam
209 778 360 861 serpentis
386 779 584 860 persuasione
614 777 761 843 seduotus
791 778 906 842 inliniti
932 777 996 842 eibi
1017 778 1214 861 perceptione

95 883 276 948 distractam
299 882 370 965 iugo
392 883 556 964 perpetuae
580 881 742 948 seruitutis
769 881 898 946 addixit.
935 881 983 946 hio
1000 900 1132 962 namque
1148 899 1214 944 rnos

93 987 173 1050 solet
194 985 278 1050 inter
298 983 485 1052 uendentem
509 993 724 1067 ementemque
747 986 875 1064 seruari,
902 991 938 1049 ut
953 985 980 1048 is
996 989 1046 1067 qni
1065 1005 1098 1048 se
1114 985 1215 1048 alieno

73 1090 182 1170 eoupit
205 1089 342 1154 dominio
365 1089 549 1171 mancipare,
572 1089 707 1170 pretium
737 1106 792 1169 pro
815 1087 935 1152 iactura
957 1090 1097 1169 propriae
1119 1085 1215 1151 liber-

95 1192 172 1257 tatis
205 1193 236 1256 et
269 1191 443 1256 addictione
476 1195 641 1274 perpetuae
674 1191 836 1256 seruitutis
869 1211 888 1256 a
921 1209 976 1254 suo
1011 1199 1215 1271 consequatur

95 1297 243 1376 emptore.
282 1297 361 1375 quod
385 1293 478 1358 etiam
503 1293 585 1358 inter
611 1295 711 1359 Adam
728 1297 820 1376 atque
835 1298 1011 1375 serpentem
1027 1291 1245 1358 manifestis-3

94 1401 172 1462 sime
194 1398 335 1462 uidemus
358 1395 532 1479 impletum.
568 1396 623 1460 ille
655 1397 737 1462 enim
761 1417 779 1462 a
801 1402 942 1479 serpente
964 1398 1098 1479 pretinm
1121 1397 1215 1461 liber·

94 1502 172 1566 tatis
195 1519 266 1564 suae
290 1519 343 1565 esu
366 1501 549 1565 interdictae
571 1501 691 1566 arboris
722 1503 845 1583 oapians
868 1522 887 1567 a
909 1501 1047 1566 naturali
1069 1501 1215 1566 libertate

62 1605 240 1671 rodisoessit
261 1603 371 1686 illique
393 1603 507 1668 maluit
531 1606 629 1668 semet
644 1606 745 1687 ipsum
763 1609 914 1689 perpetua
929 1608 1038 1671 dedere
1054 1605 1215 1682 seruitute,

94 1729 112 1773 a
135 1725 196 1790 quo
213 1705 304 1770 uetiti
319 1707 402 1789 pomi
419 1706 513 1771 letale
528 1707 664 1788 pretium
680 1708 782 1773 inerat
796 1709 978 1773 adsecutus:
994 1728 1055 1790 qna
1070 1707 1236 1788 deinceps.

94 1809 273 1876 conditione
301 1807 485 1872 constrictus
514 1827 575 1872 non
604 1809 747 1874 inmerito
778 1829 899 1874 omnem
929 1810 1123 1893 posteritatis
1145 1827 1216 1873 suae

94 1911 274 1997 progeniem
303 1915 451 1994 perpetuo
481 1913 581 1978 eidem
610 1914 698 1977 euius
723 1912 852 1977 effeetus
875 1917 923 1977 est
945 1931 1053 1977 seruus
1076 1912 1217 1977 subdidit

95 2015 260 2081 famulatu.
300 2014 372 2096 quid
396 2017 478 2080 enim
500 2016 584 2081 aliud
608 2015 720 2080 seruile
736 2017 922 2099 ooniuginm
937 2021 1041 2099 potest
1056 2036 1219 2098 procreare·

63 2138 191 2202 requam
220 2121 346 2183 seruos?
374 2119 449 2201 quid
481 2123 577 2203 orgo?
606 2121 757 2203 numquid
786 2122 908 2202 emptor
938 2124 997 2185 iste
1018 2127 1163 2186 uersutus
1186 2126 1217 2186 et

96 2224 230 2288 callidus
253 2223 378 2288 donnino
401 2241 475 2287 uero
497 2228 590 2306 atque
613 2224 755 2304 legitimo
778 2226 826 2288 ius
844 2223 1061 2289 dominationis
1078 2225 1216 2307 eripuit?

94 2346 155 2391 non
186 2326 232 2391 ita
261 2330 318 2391 est.
355 2344 454 2408 neque
484 2327 567 2391 enim
601 2329 645 2391 sio
676 2327 729 2391 ille
760 2345 850 2391 omne
873 2328 1027 2409 peculium
1051 2328 1100 2392 dei
1122 2327 1247 2392 uniust

94 2427 212 2494 fraudis
245 2427 408 2493 dolositate
441 2429 589 2512 peruasit,
622 2433 656 2492 ut
685 2432 856 2512 potentiam
887 2429 1017 2494 dominii
1046 2431 1096 2494 sui
1123 2449 1216 2494 uerus

94 2531 270 2598 dominator
301 2532 470 2611 amitteret,
500 2532 554 2615 qui
587 2534 689 2616 ipsum
724 2551 844 2617 quoque
874 2536 1045 2616 emptorem
1075 2533 1217 2617 quamuis

61 2636 237 2717 soreiugam
260 2637 311 2705 nel
333 2637 480 2701 rebellem
502 2642 607 2702 tamen
623 2639 695 2719 iugo
712 2638 862 2719 deprimit
877 2639 1056 2702 seruitutis:
1072 2638 1125 2701 sed
1143 2637 1218 2719 quia

95 2740 238 2804 omnibus
270 2739 506 2805 rationabilibus
540 2741 688 2806 creaturis
725 2741 847 2806 arbitrii
884 2741 1063 2805 libertatern
1097 2743 1218 2805 ereator

94 2842 278 2921 indulserat,
302 2860 363 2919 eos,
387 2845 440 2924 qui
462 2862 495 2907 se
518 2845 625 2908 eontra
647 2842 694 2907 ias
711 2843 815 2907 edaois
832 2844 1097 2926 concupiscentiae
1114 2847 1217 2908 trans·

94 2946 252 3028 grossiore
274 2946 486 3028 uendiderunt,
503 2946 618 3011 inuitos
633 2945 672 3011 ad
688 2946 861 3029 ingenitam
878 2946 1055 3010 libertatern
1073 2964 1216 3011 renouare

95 3066 156 3112 non
190 3045 306 3112 debuit.
345 3046 491 3112 abhorret
519 3046 672 3130 siquidem
703 3050 741 3113 ab
770 3048 826 3112 illo
855 3047 997 3112 institiae
1027 3066 1063 3112 ao
1092 3048 1217 3131 pietatis

62 3152 230 3227 zenodoro,
254 3150 403 3231 quidquid
420 3152 550 3217 bonitati
567 3152 780 3233 aequitatique
797 3150 988 3215 eontrarium
1006 3155 1063 3215 est.
1098 3151 1250 3220 malumb

95 3252 177 3317 enim
216 3250 318 3317 iuerat
354 3254 382 3317 si
419 3270 578 3319 concessae
617 3252 774 3319 libertatis
810 3253 995 3319 benefitium
1031 3254 1216 3329 reuoeasset

94 3352 247 3421 iniustum
278 3355 305 3421 si
334 3355 468 3420 liberum
498 3354 656 3419 hominem
687 3355 828 3438 potentia
849 3374 905 3419 sua
927 3358 1102 3435 opprimens
1124 3361 1218 3437 atque

95 3458 255 3540 captiuans
285 3458 438 3523 libertatis
470 3460 614 3542 aooeptae
644 3458 840 3540 pontificium
866 3459 973 3539 exequi
997 3476 1058 3522 non
1080 3458 1217 3537 sinisset,

95 3561 182 3627 ouius
217 3561 351 3625 salutem
384 3563 418 3626 in
451 3562 557 3625 futura
586 3563 663 3625 tuna
692 3562 818 3625 saecula
847 3560 1034 3639 resernauit
1069 3564 1104 3624 ut
1133 3564 1218 3626 reoto

146 3850 445 3921 nfundorentoquep
546 3852 689 3905 conmertio
713 3849 765 3905 FO
794 3849 945 3903 sommantio
963 3851 1022 3904 rett
1126 3852 1220 3920 3per.

94 3944 226 4017 petuoO
332 3946 418 3999 ahie
444 3944 509 4001 F¹O
614 3943 858 4013 bmaueipariO
960 3944 1084 4013 pretium]
1113 3946 1220 4014 aliquid

94 4041 174 4110 pretii
192 4039 301 4109 (praetii
318 4038 370 4107 ΙΨ)
391 4038 456 4108 Otia
551 4036 669 4107 tadqna
687 4038 714 4093 B
811 4038 930 4092 8aom.
950 4039 980 4093 F
1064 4040 1097 4093 10
1114 4039 1219 4109 dedere]

95 4133 245 4202 uendered
344 4134 376 4187 12
393 4132 493 4187 oondit·
509 4132 606 4187 Bm
707 4134 740 4187 lb
758 4135 844 4187 emtor
862 4132 914 4188 FO
1012 4133 1045 4187 18
1062 4131 1162 4187 domiui
1180 4134 1222 4187 Βι

95 4227 190 4283 FOK¹
293 4227 328 4280 24
350 4224 476 4281 adhorret
500 4226 538 4281 13¹
640 4228 673 4281 25
696 4224 871 4295 quioquidO
971 4226 1093 4280 bonitate
1116 4229 1152 4281 Ζ·

95 4320 129 4373 27
154 4322 177 4373 si
201 4334 252 4374 om.
277 4320 308 4374 F
405 4320 491 4388 adque
509 4320 536 4375 B
639 4322 672 4375 28
688 4320 866 4390 pontificium]
886 4320 1059 4389 priuilegium
1079 4321 1154 4391 θ’βσ

96 4414 237 4484 οιεεῳιίβ
331 4412 485 4469 sinissetO

146 4518 227 4573 XIII·
265 4534 324 4577 um.
340 4539 358 4577 a.
1085 4519 1120 4572 42
