3009 5200
501 449 663 508 Conlatio
683 453 842 518 x11,s—s.
1166 457 1231 524 349

111 641 293 723 probatione
316 641 469 708 fulcitur?
492 641 523 704 et
544 640 611 706 ideo
634 642 773 724 quisquis
789 641 828 707 od
843 643 935 708 illum
950 643 1098 725 puritatis
1111 644 1260 711 statumb

109 746 173 829 iugi
208 745 309 811 sordis
341 745 515 810 intentione
547 745 733 826 peruenerit,
769 748 806 810 ut
837 745 903 811 iarn
936 748 1040 812 mente
1067 746 1107 811 ab
1136 748 1229 813 buius

109 848 259 932 passionis
288 845 471 912 titillatione
501 846 626 930 penitus
655 847 797 912 absoluta
825 867 880 930 per
908 866 1050 930 soporem
1072 867 1143 916 earo
1165 850 1231 914 eine

109 952 197 1017 uelut
230 949 468 1016 redundantiam
502 949 652 1032 superflui
686 955 802 1016 umoris
839 952 983 1034 expellat,
1021 953 1230 1020 condicionem

89 1055 299 1137 sinodumque
331 1057 460 1120 naturae
493 1054 663 1120 eertissime
697 1053 910 1136 deprehendet,
945 1057 977 1120 et
1005 1055 1053 1120 ita
1081 1074 1151 1120 oum
1178 1073 1230 1120 er·

109 1158 306 1242 pergetaotue
339 1157 498 1222 inuenerit
530 1174 653 1223 earnem
687 1174 776 1222 suam
805 1161 877 1240 poet
905 1157 999 1243 longa
1028 1159 1170 1241 tempora
1196 1178 1231 1224 se

109 1261 205 1326 insoio
240 1264 333 1343 atque
364 1259 529 1344 ignorante
560 1259 726 1342 pollutam,
763 1266 832 1326 turn
864 1262 991 1326 demum
1023 1262 1061 1327 de
1094 1263 1230 1327 naturali

108 1364 292 1428 necessitate
322 1367 474 1446 oeusetur,
504 1365 543 1430 ad
572 1363 663 1430 illum
692 1363 760 1428 eine
783 1365 874 1431 dubio
894 1364 1080 1446 perueniens
1102 1366 1231 1449 emtum,

110 1469 146 1533 ut
167 1468 242 1532 talis
265 1466 441 1532 inueniatur
462 1466 496 1530 in
519 1469 609 1532 noete
631 1466 732 1548 qualis
755 1467 788 1532 in
810 1466 872 1544 die,
895 1467 968 1532 talis
983 1466 1018 1532 in
1035 1469 1114 1534 teoto
1129 1467 1231 1550 qualis

81 1571 142 1634 rain
164 1571 316 1654 oratioue,
339 1569 413 1635 talis
435 1569 520 1636 solus
542 1569 643 1652 qualis
666 1571 767 1636 turbis
790 1569 954 1636 hominum
975 1571 1230 1652 oiroumsaeptus,

109 1674 265 1755 postremo
297 1675 334 1738 ut
366 1690 536 1754 numquam
570 1691 604 1738 se
636 1672 731 1738 talem
764 1675 902 1739 secretus
933 1674 1073 1756 aspiciet,
1107 1674 1231 1756 qualem

109 1775 210 1842 uideri
239 1775 279 1842 ab
310 1776 487 1842 bominibus
516 1775 681 1852 erubescit,
712 1794 771 1841 neo
792 1776 824 1842 in
848 1794 883 1842 eo
905 1776 969 1843 tale
990 1776 1108 1859 aliquid
1129 1776 1231 1841 ineui-

110 1878 216 1943 tabilis
246 1877 301 1946 ille
331 1882 438 1945 oeulos
469 1878 689 1962 deprehendat,
719 1881 800 1962 quod
826 1878 867 1945 ab
890 1879 1035 1945 humanis
1057 1880 1232 1963 aspeotibus

108 1983 185 2048 uelit
215 2000 284 2047 esse
314 1981 460 2048 uelatum.
498 1985 530 2048 et
559 1983 603 2048 ita
633 1999 705 2046 eum
734 1982 871 2067 eoeperit
897 1982 1083 2048 suauissimo
1113 1980 1261 2048 lumineb

78 2085 265 2151 suauitatis
295 2085 410 2168 iugiter
440 2085 597 2164 deleotnri,
629 2085 732 2150 dicere
759 2085 875 2168 poterit
905 2103 977 2152 enm
1005 2085 1168 2170 propbeta:
1192 2085 1232 2149 et

110 2206 179 2253 nox
208 2187 472 2254 inluminatio
504 2187 545 2253 in
577 2186 742 2255 doliolis
776 2188 882 2254 meis.
920 2187 1011 2269 quia
1043 2186 1232 2252 tenebrae

110 2309 183 2356 non
205 2291 631 2370 obsonrebunturate,
648 2291 773 2357 etnox
795 2291 899 2357 sieut
914 2288 999 2356 dieo
1019 2289 1230 2355 inlumina-

108 2393 236 2459 bitur:
259 2395 368 2462 siout
390 2393 581 2462 tenebrae
605 2394 706 2474 eius,
728 2394 785 2460 ita
806 2397 844 2459 et
865 2394 996 2459 lumen
1017 2393 1111 2458 eius.
1143 2392 1231 2459 deni-

110 2518 168 2582 qne
203 2499 264 2564 hoo
299 2500 414 2584 ipsum,
452 2501 526 2582 quia
560 2517 656 2580 supra
697 2498 908 2566 uenditionem
944 2499 1073 2563 naturae
1108 2495 1231 2562 uidetur

77 2603 271 2685 eihamense,
295 2603 430 2687 qualiter
452 2603 622 2668 obtinuerit
643 2602 728 2667 idem
750 2601 899 2685 propheta
921 2600 1086 2685 subiungit
1108 2600 1231 2666 dioens:

110 2708 198 2789 quia
225 2708 269 2771 tu
301 2707 522 2790 possedisti
550 2724 659 2771 renes
687 2723 807 2784 meos,
837 2705 869 2769 id
899 2706 956 2787 est,
987 2722 1050 2769 nou
1077 2702 1232 2768 industria

109 2826 178 2875 maa
209 2828 309 2893 neque
342 2812 461 2876 uirtute
493 2810 573 2876 beno
605 2810 761 2892 promerui
793 2807 972 2891 puritatem,
1005 2807 1060 2873 sed
1092 2805 1165 2887 quie
1194 2806 1231 2871 tn

110 2912 307 2979 mortifieasti
322 2913 451 3003 insitum
467 2913 593 2979 renibus
609 2912 687 2977 meis
702 2912 886 2978 libidinosae
896 2910 1070 2993 uoluptatis
1081 2911 1231 2975 ardorem.

151 3032 260 3099 VIIII.
289 3050 488 3099 uununuvs:
515 3033 700 3117 Perpetuam
734 3033 861 3115 quidem
892 3032 1028 3114 eorporis
1061 3029 1232 3112 puritatem

78 3154 147 3202 uer
174 3136 265 3219 parte
294 3137 398 3220 aliqua
426 3137 544 3219 experti
570 3154 677 3202 sumus
705 3155 724 3201 a
751 3135 958 3221 uigilantibus
985 3153 1076 3218 posse
1103 3152 1159 3218 per
1180 3132 1231 3198 dei

111 3238 248 3322 matiam
276 3239 436 3325 possideri,
466 3242 498 3305 at
526 3238 754 3305 oonmotionem
782 3239 884 3305 earnis
906 3238 1110 3304 distrietionis
1130 3237 1232 3319 rigore

114 3344 207 3425 atque
230 3341 345 3409 indioio
367 3342 532 3409 resistente
552 3341 763 3427 uigilantibus
783 3358 873 3424 posse
894 3358 953 3406 non
975 3341 1153 3424 eontingere
1170 3358 1232 3404 non

213 3572 247 3626 15
267 3564 311 3626 Pr.
329 3571 388 3638 138,
407 3570 508 3625 11-12
610 3570 643 3623 21
663 3570 682 3625 l.
700 3586 722 3624 e.
741 3571 776 3624 13

162 3782 241 3853 deb]
259 3783 293 3837 ad
310 3782 349 3835 Πι
448 3784 466 3839 4
484 3783 606 3839 111111Ί
698 3783 817 3838 humoris
835 3782 890 3836 ΤΟ
990 3782 1089 3837 tondit
1108 3781 1166 3833 ΠΤ

112 3870 273 3939 bmodoque
289 3870 329 3921 Π1
426 3868 521 3939 deprse
533 3871 569 3938 (e)
582 3869 677 3925 bendit
693 3870 764 3923 ΠΨ
789 3868 985 3939 depraehendat
1002 3868 1044 3919 11¹
1139 3867 1231 3936 spor·

112 3956 265 4011 ιιοιιὶιιοΣ
362 3956 607 4011 einaooeuoeoe
624 3958 724 4011 eru?
820 3954 1092 4025 pootdieuddZs
1119 3952 1231 4007 telleia

113 4043 154 4099 die
243 4042 331 4097 diuet
349 4041 374 4095 Ο
468 4043 502 4097 10
518 4044 709 4113 oirenmreptue
726 4029 847 4103 ΣΠΤΟ
941 4042 972 4097 11
990 4042 1123 4096 moretm
1140 4042 1166 4092 Τ

114 4130 146 4184 12
162 4129 291 4184 ambissit
306 4128 347 4181 Πι
443 4129 475 4183 13
492 4128 526 4182 11)
543 4144 594 4183 om.
612 4130 637 4181 T
731 4130 766 4183 14
781 4128 861 4184 uellit
878 4127 908 4179 Π
1000 4124 1165 4195 lupentii

115 4217 256 4272 16111111.
274 4230 332 4270 mee
350 4214 419 4285 O(o)
500 4215 532 4270 19
549 4215 670 4285 snperO
748 4214 848 4271 cendit
865 4214 924 4267 ΠΤ
999 4212 1034 4267 ss)
1050 4212 1119 4282 prot.
1135 4211 1164 4265 11

114 4298 146 4356 22
168 4304 199 4357 tu
221 4316 273 4357 om.
296 4303 322 4354 ‘P
420 4301 456 4357 23
477 4301 627 4357 uoluntatis
650 4300 708 4353 ΠΤ
812 4301 846 4355 26
868 4298 999 4369 possederi
1021 4297 1060 4352 ΠΙ
1163 4312 1232 4353 eom·

116 4388 242 4442 motiones
259 4388 286 4439 1·
385 4385 568 4441 destrictionis
586 4385 640 4449 zo
668 4384 851 4441 distriotiones
867 4384 907 4437 Πι
951 4431 953 4434 .
