3009 5200
291 417 313 480 4
758 412 945 467 Praefatio.
1051 439 1054 445 ·

292 605 457 685 antequam
481 602 615 666 disceret
641 601 870 683 adprehendens
892 622 953 668 non
975 607 1041 667 tam
1063 605 1127 668 suis
1142 603 1410 670 adinnentionihus

291 725 384 790 quam
411 707 535 770 illorum
568 704 787 770 traditionibus
816 706 930 771 maluit
962 706 1089 771 erudiri.
1125 707 1159 770 in
1187 706 1298 788 quibus
1331 708 1410 770 mihi

290 827 373 875 nunc
395 810 540 890 inportu
569 808 689 872 silentii
719 809 890 875 constituto
912 812 1089 874 inmensum
1110 811 1239 891 pelagus
1261 811 1408 891 aperitur,

290 918 326 979 ut
348 913 466 978 scilieet
488 914 525 977 de
547 911 693 976 instituto
715 913 808 993 atquc
831 913 973 977 doctrina
989 917 1148 976 tantorum
1162 913 1300 976 uirorum
1316 931 1409 994 qnae·

260 1015 362 1082 ⁴idam
390 1015 512 1080 tradere
541 1013 672 1078 audeam
700 1016 867 1079 memoriae
895 1014 1082 1080 litterarum.
1119 1018 1207 1079 tanto
1234 1014 1318 1078 enim
1339 1034 1452 1096 pro-s

290 1120 440 1186 fundioris
463 1117 671 1200 nauigationis
694 1116 839 1200 periculis
862 1117 983 1201 fragilis
1006 1117 1126 1200 ingenii
1141 1120 1253 1183 comba
1268 1118 1411 1186 iactanda

291 1226 347 1300 est,
371 1225 524 1303 quantum
547 1239 565 1284 a
586 1221 738 1286 coenobiis
764 1221 958 1285 anachoresis
980 1224 1011 1284 ct
1032 1223 1072 1284 ab
1093 1220 1210 1284 actuali
1231 1221 1308 1298 uita,
1333 1240 1410 1304 quae

290 1326 324 1390 in
335 1324 624 1408 congregationibus
636 1329 801 1400 exercetur,
811 1323 1030 1407 contemplatio
1042 1322 1100 1405 dei,
1110 1324 1159 1388 eui
1171 1323 1220 1388 illi
1232 1324 1410 1389 inaestima-

290 1427 368 1493 biles
395 1427 456 1490 uiri
484 1445 607 1508 semper
638 1427 748 1491 intenti
772 1427 856 1502 sunt,
885 1427 984 1490 maior
1011 1429 1144 1508 actuque
1166 1427 1330 1492 sublimior
1353 1433 1410 1492 ast,

291 1535 429 1597 nestrum
461 1530 559 1615 igitur
583 1531 630 1593 est
657 1531 786 1595 conatus
810 1527 932 1594 nostros
953 1529 1014 1611 piis
1036 1528 1227 1594 orationibus
1249 1530 1407 1609 adiuuare,
1419 1560 1452 1601 ιο

290 1654 328 1700 ne
351 1638 405 1699 aut
426 1639 492 1698 tam
514 1638 622 1699 sancta
644 1633 776 1698 materia
797 1633 928 1714 inperito
944 1633 1077 1715 quidem,
1101 1634 1155 1698 sed
1169 1633 1255 1699 fideli
1268 1652 1410 1699 sermone

290 1737 458 1820 promenda
487 1736 681 1817 periclitetur
702 1737 737 1800 in
760 1737 849 1800 nohis
875 1741 931 1799 snt
952 1754 1076 1800 rursum
1098 1736 1237 1800 eiusdem
1258 1738 1410 1802 materiae

262 1839 411 1922 babyssis
443 1839 594 1905 obruatur
626 1839 732 1903 nostra
765 1838 930 1902 rusticitas.
967 1839 1107 1921 proinde¹
1125 1837 1164 1903 ab
1194 1839 1342 1904 exteriore
1373 1859 1411 1905 sc

290 1943 409 2009 nisibili
438 1943 659 2008 monachorum
686 1942 783 2020 cultu,
808 1961 900 2024 quem
921 1941 1076 2025 prioribus
1100 1943 1286 2026 digessimus
1308 1941 1409 2022 libris,

292 2047 331 2110 ad
362 2045 551 2112 inuisibilem
579 2045 735 2110 interioris
763 2044 899 2110 hominis
925 2044 1069 2110 habitum
1090 2049 1297 2122 transeamus,
1319 2049 1351 2110 et
1373 2047 1452 2120 deff

292 2151 507 2214 canonicarum
535 2149 707 2214 orationum
735 2150 827 2213 modo
851 2149 890 2212 ad
912 2148 999 2212 illins
1026 2167 1119 2231 quam
1141 2150 1298 2231 apostolus
1320 2167 1411 2230 praa·

292 2253 366 2334 cipit
388 2253 537 2316 orationis
559 2252 723 2335 perpetuae
745 2251 910 2336 iugitatem
925 2255 1070 2317 ascendat
1085 2254 1251 2334 eloquium,
1274 2254 1311 2316 ut
1325 2253 1411 2334 qnis-

214 2365 224 2383 ‘
292 2356 361 2439 quis
389 2355 453 2419 iam
482 2354 647 2437 superioris
676 2355 776 2437 operis
806 2353 938 2418 lectione
966 2355 1060 2419 Iacob
1082 2353 1170 2419 illius
1192 2354 1410 2438 intellegibilis

291 2477 401 2524 nomen
417 2458 586 2524 carnalium
601 2459 751 2523 uitiorum
762 2457 1013 2538 subplantatione
1025 2459 1204 2540 promeruit,
1218 2477 1299 2523 nuno
1314 2459 1411 2523 etiam

291 2581 354 2629 non
381 2563 445 2627 tam
477 2579 546 2627 mos
567 2579 661 2644 qnam
689 2562 816 2645 patrum
837 2561 984 2627 instituta
1006 2562 1176 2644 suscipiens
1199 2561 1323 2627 diuinae
1344 2561 1454 2633 iamne

292 2666 436 2750 puritatis
468 2665 586 2731 intuitu
619 2666 658 2731 ad
691 2668 837 2731 meritum
869 2670 899 2730 et
927 2670 963 2731 ut
993 2666 1038 2732 ita
1065 2666 1196 2731 dixerim
1225 2667 1412 2749 dignitatem

293 2770 444 2834 transiens
472 2768 627 2847 israhelis,
661 2770 734 2851 quid
762 2770 796 2833 in
825 2769 882 2834 hoc
908 2788 1028 2853 quoqne
1055 2770 1248 2852 perfectionis
1277 2769 1412 2833 culmine

263 2869 402 2937 6dabeat
424 2872 584 2937 obseruare
611 2872 757 2937 similiter
783 2873 966 2938 instruatur.
1005 2873 1165 2937 obtineant
1187 2876 1291 2954 itaque
1314 2872 1411 2937 orati·

293 2994 364 3040 ones
396 2978 516 3041 uestrae
544 2975 582 3041 ab
607 2993 641 3039 eo
665 2977 716 3059 qui
739 2974 849 3059 dignos
873 2994 927 3041 nos
949 2976 999 3040 uel
1022 2975 1093 3041 uisu
1115 2994 1221 3040 eorum
1243 2976 1294 3039 uel
1316 2974 1411 3040 disci·

292 3078 402 3160 pnlatu
424 3078 476 3143 uel
499 3081 651 3144 consortio
674 3080 836 3161 indicauit,
860 3081 895 3144 nt
917 3078 1006 3145 nobis
1024 3078 1191 3144 earundem
1205 3080 1411 3143 traditionum
1420 3108 1452 3150 ss

292 3182 473 3247 memoriam
494 3182 619 3265 plenam
641 3187 672 3247 et
693 3202 867 3248 sermonem
891 3184 930 3249 ad
952 3182 1115 3248 dicendum
1136 3182 1260 3248 facilem
1275 3182 1413 3247 conferre

293 3282 449 3366 dignetur,
479 3304 539 3367 quo
568 3288 634 3351 tam
663 3290 769 3352 sancte
795 3306 845 3352 eas
868 3288 993 3369 tamque
1015 3286 1136 3371 integre
1160 3306 1253 3369 quam
1275 3286 1313 3350 ab
1335 3288 1411 3368 ipsis

293 3386 465 3469 accepimus
481 3388 670 3471 explicantes
686 3390 768 3471 ipsos
783 3391 1008 3473 quodammodo
1023 3391 1088 3455 suis
1103 3390 1256 3455 institutis
1271 3390 1412 3470 incorpo-

292 3494 376 3554 ratos
400 3492 431 3554 ct
454 3492 533 3573 quod
556 3493 657 3557 maius
679 3494 727 3557 est
752 3493 865 3558 Latino
887 3493 1082 3576 disputantes
1104 3494 1223 3576 eloquio
1245 3492 1333 3556 nobis
1356 3510 1410 3556 ex-

293 3592 400 3657 hibere
428 3594 592 3674 possimus.
630 3596 788 3660 hossana
816 3595 959 3661 uolumus
990 3599 1064 3661 ante
1086 3596 1189 3661 omnia
1210 3596 1278 3660 tam
1298 3595 1453 3665 harumce

353 3806 428 3945 2816
451 3804 486 3861 cl.
509 3806 632 3861 IThass.
656 3808 682 3873 5,
707 3808 738 3860 17
843 3810 876 3863 18
898 3808 931 3862 el.
950 3806 1015 3861 Gen.
1038 3808 1079 3874 27,
1102 3808 1136 3863 36
1238 3808 1271 3861 22
1293 3806 1327 3860 oi.
1345 3804 1412 3859 Gen.

293 3892 335 3957 32,

345 4086 362 4141 2
389 4086 493 4141 erudire
519 4088 559 4141 D¹
662 4091 679 4143 6
705 4091 799 4160 cymba
824 4090 855 4144 X
955 4092 1108 4160 tactuque
1124 4090 1167 4145 D:
1196 4092 1276 4159 atque
1293 4090 1344 4145 Xe

295 4172 328 4225 12
345 4188 449 4226 rursum
467 4173 510 4228 D:
536 4191 627 4229 rnrsns
646 4176 697 4231 Xo
794 4177 826 4229 13
843 4177 939 4231 abisaia
955 4177 985 4231 D
1075 4178 1108 4231 22
1127 4177 1297 4247 perfeccionis
1314 4177 1344 4231 D

294 4259 327 4313 23
346 4258 478 4313 obseruari
495 4260 536 4315 D¹
620 4261 765 4318 obteneant
782 4263 823 4318 D¹
852 4265 991 4333 optineant
1009 4264 1040 4318 X
1124 4264 1157 4318 25
1176 4262 1298 4317 earddem
1315 4262 1344 4317 D

293 4344 328 4399 29
346 4348 387 4398 est
404 4348 490 4400 mains
508 4348 571 4404 Xoe
590 4347 626 4414 ef.
644 4352 707 4413 §.3
