3009 5200
262 408 326 477 618
652 408 817 462 Iohannis
836 408 994 463 Cassiani

263 602 318 665 din
347 600 379 664 iu
407 602 473 666 eius
494 600 596 683 adytis
619 600 814 677 delitescunt,
845 598 989 682 quamuis
1012 600 1113 683 rigido
1136 618 1245 684 corpus
1268 600 1387 665 ieiunio

263 703 442 785 castigetur,
460 706 565 769 tamen
579 702 785 768 nihilominus
801 700 1009 767 dormientem
1025 702 1222 769 inlecebrosis
1237 703 1388 785 phantas-

262 805 402 871 matibus
436 806 625 889 inquietant,
659 807 773 888 quibus
808 810 881 871 ante
913 806 1049 891 legitimi
1084 807 1232 890 temporis
1261 826 1387 873 cursum

260 928 322 975 non
345 911 409 975 iam
430 930 467 975 ea
489 915 619 975 naturae
642 912 838 987 necessitate,
860 911 916 977 sed
937 912 1039 977 adbuc
1054 930 1089 977 ex
1104 911 1213 978 fraude
1228 911 1388 995 nequitiae

261 1013 385 1079 obsceni
408 1013 575 1079 eliciantur
597 1033 732 1093 umores,
760 1016 813 1097 qui
836 1032 897 1079 non
919 1016 985 1081 tam
1009 1016 1161 1081 inanitate
1177 1016 1277 1081 carnis
1293 1035 1387 1098 quam
1411 1033 1423 1073 t

260 1117 376 1182 montis
413 1118 689 1200 circumspectione
725 1120 820 1200 atque
861 1118 989 1197 uirtute,
1027 1119 1054 1184 si
1091 1118 1225 1184 inhiberi
1262 1119 1387 1203 penitus

261 1224 427 1302 nequeunt,
462 1221 569 1284 saltim
602 1219 641 1284 ad
670 1220 760 1285 illam
791 1220 958 1303 egestionis
991 1222 1164 1304 simplicem
1198 1222 1387 1304 qualitatem

260 1323 432 1389 auxiliante
455 1324 505 1388 dei
526 1326 631 1406 gratia
644 1324 863 1406 perducuntur.
902 1326 1029 1409 ideoque
1051 1328 1084 1392 in
1100 1328 1209 1409 primis
1231 1329 1388 1393 discursus

261 1429 335 1491 sunt
356 1445 503 1491 sensuum
527 1428 718 1508 cohercendi,
743 1448 781 1493 ne
805 1448 890 1495 mens
916 1430 986 1495 istis
1008 1431 1183 1495 excessibus
1206 1430 1389 1497 adsuefacta

231 1530 301 1597 bad
322 1530 461 1596 foediora
482 1532 687 1596 incitamenta
708 1531 850 1598 luxuriae
876 1535 1032 1599 somnians
1047 1534 1256 1617 pertrabatur.
1291 1534 1424 1600 tertiato

261 1654 354 1699 causa
396 1639 453 1711 est,
496 1651 570 1699 oum
606 1653 660 1716 per
697 1634 871 1701 ordinatam
909 1638 1036 1719 quidem
1079 1642 1173 1720 etque
1216 1638 1388 1703 sollicitam

260 1736 468 1802 continentiae
502 1736 699 1819 disciplinam
737 1738 923 1803 contritione
952 1739 1053 1804 cordis
1082 1742 1114 1804 et
1146 1742 1282 1823 corporis
1316 1759 1388 1823 per·

259 1842 388 1922 petuam
420 1840 618 1904 castimoniae
650 1840 821 1923 puritatem
854 1842 998 1925 optamus
1032 1843 1206 1925 adquirere,
1240 1843 1295 1907 sed
1329 1862 1388 1908 nos

261 1942 394 2008 utilitati
416 1943 516 2008 carnis
538 1960 576 2009 ao
597 1945 727 2025 spiritns
743 1946 866 2029 egregie
889 1947 1086 2011 consulentes
1102 1944 1388 2012 fraudulentissimi

260 2046 359 2112 bostis
388 2048 433 2111 ita
460 2046 613 2130 inpugnat
642 2048 768 2131 inuidia,
803 2051 849 2126 ut,
884 2048 958 2113 dum
993 2048 1110 2114 deicere
1138 2048 1286 2114 fiduciam
1312 2066 1425 2114 con-ra

260 2150 408 2215 scientiae
431 2153 554 2215 nostrae
577 2167 693 2233 nosque
716 2148 804 2215 uelut
822 2156 912 2217 reatu
928 2150 1032 2234 aliquo
1054 2151 1220 2216 humiliare
1243 2156 1387 2231 conatur,

259 2252 324 2319 illia
367 2254 531 2337 praecipuo
567 2252 685 2327 diebus,
729 2254 842 2336 quibus
886 2256 1004 2319 maiore
1040 2254 1235 2337 integritatis
1273 2256 1388 2319 merito

260 2359 470 2421 desideramus
500 2355 609 2420 diuino
638 2356 760 2439 placere
790 2356 978 2440 conspectui,
1009 2357 1125 2438 absque
1160 2356 1224 2421 ullo
1259 2357 1386 2439 quidem

259 2461 360 2526 carnis
383 2460 506 2543 pruritu
528 2459 683 2525 mortisue
705 2477 854 2525 consensu
882 2478 939 2526 neo
961 2478 1016 2543 per
1032 2461 1219 2527 inlusionem
1234 2460 1387 2545 phantes-

260 2566 354 2631 matis
377 2564 521 2643 alicuius,
547 2563 602 2628 sed
625 2566 729 2629 tamen
752 2564 890 2648 simplici
918 2564 1019 2630 fimus
1042 2565 1128 2631 illius
1151 2568 1307 2650 egestione
1330 2582 1425 2630 noem

257 2669 387 2752 polluat,
411 2672 447 2734 ut
470 2686 489 2732 a
510 2671 705 2734 sacrosancta
727 2668 933 2734 conmunione
955 2670 1127 2734 deterreat:
1155 2669 1230 2733 lioet
1245 2668 1278 2733 iu
1293 2687 1387 2751 quos-

259 2774 332 2838 dam
354 2771 569 2854 incipientium
593 2777 624 2836 et
646 2791 777 2854 quorum
794 2789 920 2854 corpora
939 2771 1071 2836 necdum
1088 2773 1181 2856 longe
1197 2772 1388 2836 ieiuniorum

259 2876 460 2959 castigatione
482 2876 613 2940 tenuata
634 2878 708 2940 sunt
723 2875 762 2940 ob
778 2876 837 2940 boo
852 2874 1006 2941 diabolica
1019 2875 1154 2940 factione
1169 2876 1246 2940 haee
1260 2876 1388 2940 euenire

259 2981 403 3045 credatur
435 2981 561 3059 inlusio,
597 2982 640 3059 ut,
670 2997 741 3046 curn
770 2997 822 3045 coe
850 2979 1071 3046 intentioribus
1100 2978 1228 3044 ieiuniis
1257 2979 1387 3044 studere

260 3085 450 3167 cognouerit,
473 3101 579 3148 omues
601 3102 707 3150 eorum
730 3086 857 3148 conatus
875 3083 933 3148 buo
954 3086 1020 3148 arte
1042 3081 1214 3158 subuertat,
1239 3082 1284 3159 ut,
1309 3084 1424 3146 dumus

259 3204 292 3250 so
319 3203 381 3251 uon
409 3185 512 3251 solum
534 3185 613 3251 nibil
635 3187 674 3252 ad
696 3187 866 3268 puritatem
896 3187 1032 3266 corporis
1053 3184 1244 3250 districtiore
1268 3183 1387 3248 ieiunio

259 3288 436 3373 proiecisse,
472 3308 582 3354 uorum
619 3289 716 3354 etiam
753 3291 882 3373 grauius
919 3287 1062 3354 sentiunt
1099 3287 1197 3353 fuisse
1233 3287 1386 3369 pulsatos,

260 3393 444 3475 magistram
476 3391 716 3475 incormptionis
749 3411 785 3458 ao
818 3393 963 3474 puritatis
996 3391 1140 3456 altricem
1174 3389 1388 3455 abstinentiae
1423 3381 1427 3390 “

231 3487 487 3560 'idistrictionom
520 3499 681 3578 tamquam
714 3496 872 3560 aemulam
905 3495 1151 3577 perhorrescant.
1197 3493 1389 3576 quapropter

312 3837 326 3890 1
346 3834 430 3889 aditis
446 3835 526 3889 codd.
629 3835 786 3890 delitiscunt
805 3833 955 3891 BFOK'Z
1053 3850 1119 3903 quae
1137 3833 1259 3902 quamuis
1277 3833 1315 3886 B¹

258 3921 388 3975 ieiunium
410 3921 454 3974 Κ·
562 3921 579 3974 2
602 3921 729 3975 iantasm.
752 3919 830 3976 codd.
941 3922 958 3975 3
979 3921 1088 3991 quibu]
1111 3935 1224 3989 quarum
1248 3919 1316 3974 ΚΖ·

259 4008 418 4061 tuameres
434 4007 498 4076 B'p
527 4007 681 4063 humoreO
785 4007 916 4061 lsaltem
935 4007 988 4063 FO
1090 4005 1260 4060 9ooercendi
1277 4005 1317 4074 do
1398 4049 1405 4062 .

261 4094 294 4148 10
311 4093 430 4148 luxoriae
448 4093 474 4146 Z
569 4095 604 4149 19
621 4109 775 4147 consensum
796 4093 859 4148 ΘΚ·
957 4095 1083 4147 iantasm.
1102 4091 1179 4146 codd.
1277 4091 1308 4144 21
1330 4092 1390 4159 pol-

259 4178 318 4232 luat
341 4179 378 4232 Z:
408 4178 507 4247 polluit
529 4181 623 4234 rell-o
725 4177 760 4233 22
786 4195 875 4232 corum
905 4177 927 4233 0
1029 4179 1063 4232 23
1090 4177 1124 4230 ab
1151 4177 1181 4230 F
1280 4175 1315 4229 26
1342 4175 1390 4229 da·

260 4263 397 4317 strictiore
422 4264 516 4320 B¹u¹0
634 4265 667 4318 27
695 4263 830 4333 proficisse
856 4263 952 4317 FK¹Z
1067 4264 1101 4317 28
1128 4263 1265 4317 uictricem
1295 4261 1318 4316 0

260 4349 295 4402 29
313 4348 514 4404 destrictiouem
533 4351 590 4405 BF
690 4357 874 4419 perornesoant
891 4350 953 4405 3²0
