3009 5200
277 440 341 507 556
672 434 837 492 Iohannis
856 432 1014 491 Cassiani

279 628 380 694 eruut
416 644 489 692 nam
511 626 610 691 simili
631 624 806 708 proditione
836 625 980 691 detectus
1005 628 1100 707 etque
1121 626 1161 691 ad
1182 624 1406 692 monasterinm

278 750 372 798 suum
393 748 466 797 oum
485 728 611 814 ingenti
631 726 870 795 honoriticentia
891 744 928 793 ac
949 727 1042 793 lande
1063 728 1226 795 reuocatus
1249 732 1308 795 est.

322 850 365 917 Π.
401 850 479 918 (lum
523 850 622 935 igitur
663 850 735 933 post
769 869 830 915 non
867 849 997 933 longum
1033 852 1157 932 tempus
1193 866 1249 915 noa
1284 867 1405 932 quoque

278 954 459 1039 Aegyptum
480 956 586 1039 petere
608 958 735 1020 sanctae
755 952 965 1022 institutionis
995 952 1182 1020 desiderium
1204 952 1404 1035 conperisset,

278 1076 400 1125 summo
423 1077 495 1125 eum
510 1057 624 1123 adiectu
639 1074 677 1123 ac
693 1056 848 1123 desiderio
873 1058 1088 1141 perquirentes
1103 1057 1195 1123 tauta
1215 1057 1282 1124 eius
1297 1076 1405 1125 snmus
1425 1072 1438 1113 ⁶

277 1163 382 1246 gratia
411 1166 505 1244 atque
533 1161 731 1244 humanitate
755 1161 900 1246 suscepti,
931 1162 967 1227 ut
992 1179 1048 1226 nos
1069 1164 1232 1244 tamquam
1253 1161 1403 1244 pristinos

276 1266 456 1349 syncellitas
478 1265 573 1331 etlam
588 1264 719 1330 cellulae
732 1282 817 1342 suae,
841 1282 933 1347 qnam
947 1266 981 1329 in
998 1266 1137 1330 extrema
1151 1264 1235 1330 horti
1250 1264 1299 1330 sui
1314 1264 1403 1347 parte

246 1369 499 1452 toonstrurerat,
530 1368 695 1434 honoraret
723 1366 868 1451 bospitio.
900 1368 954 1434 ubi
984 1386 1056 1433 cnm
1081 1368 1158 1433 setis
1188 1367 1285 1434 ardna
1308 1368 1402 1450 etque

276 1472 433 1557 praecelsa
464 1471 586 1538 cuidam
618 1471 710 1537 fratri
739 1470 922 1536 monasterii
951 1472 1092 1555 regulam
1123 1472 1269 1538 subeunti
1299 1488 1404 1537 coram

276 1575 420 1641 omnibus
451 1575 486 1640 in
518 1575 625 1658 synaxi
658 1574 809 1640 iratribus
838 1576 1004 1657 praecepta
1036 1574 1226 1659 tradidisset,
1260 1592 1340 1659 quae
1369 1574 1437 1641 ino

277 1679 387 1763 quarto
409 1679 445 1744 ut
467 1678 601 1743 diximus
630 1676 864 1744 institutionum
894 1676 976 1743 libro
999 1679 1116 1760 quauta
1137 1678 1224 1762 potui
1248 1678 1404 1745 breuitate

276 1782 443 1866 conplexus
476 1800 557 1860 sum,
591 1783 657 1846 tam
691 1780 1011 1867 inconprehensibilis
1041 1781 1140 1861 nobis,
1173 1784 1240 1847 tam
1269 1782 1406 1849 mirifica

276 1902 370 1951 uerae
401 1883 687 1951 abrenuntiationis
721 1883 861 1949 culmina
893 1882 1091 1960 uidebantur,
1126 1885 1163 1951 ut
1195 1885 1281 1951 nullo
1312 1886 1403 1951 modo

275 1988 354 2053 illuc
389 1986 603 2054 humilitatem
647 1988 785 2053 noemam
828 1988 1024 2054 crederemus
1064 2004 1153 2072 posse
1189 1988 1404 2056 conscendere.

244 2091 374 2175 {ligitur
395 2091 609 2174 desperatione
630 2090 742 2156 deiecti
765 2094 796 2155 et
818 2091 884 2174 ipso
916 2092 1012 2157 etiarn
1034 2090 1126 2158 uultu
1148 2090 1293 2157 intimam
1316 2092 1438 2177 cogi-c

275 2195 432 2260 tationum
461 2192 704 2261 amaritudinem
732 2212 794 2259 non
824 2193 962 2260 colantes
988 2193 1029 2260 ad
1050 2194 1177 2259 beatum
1199 2212 1305 2260 senem
1327 2198 1404 2261 satis

275 2296 366 2363 anxia
386 2298 493 2362 mente
515 2298 760 2363 recucurrimns:
788 2296 839 2361 oui
853 2298 996 2381 protinus
1011 2314 1137 2364 caueam
1152 2300 1261 2364 tantae
1276 2298 1404 2364 maesti·

275 2399 393 2466 tudinis
425 2400 596 2482 inquirenti
630 2398 713 2465 abba
745 2398 921 2466 Germanus
953 2402 1093 2484 grauiter
1121 2404 1332 2486 ingemescens
1357 2402 1403 2467 ita

273 2502 444 2586 respondit.

316 2605 376 2675 IIL
397 2605 522 2687 Quanto
542 2607 795 2692 magnificentior
815 2609 910 2691 etque
932 2607 1099 2674 sublimior
1120 2608 1298 2694 incognitae
1312 2607 1436 2673 nobisne

274 2727 375 2776 sermo
409 2709 567 2776 doctrinae
598 2710 661 2776 iter
692 2711 825 2776 arduum
861 2709 1127 2794 praecelsissimae
1160 2709 1403 2778 renuntiationis

272 2813 397 2896 aperuit
418 2815 450 2878 ot
471 2812 563 2896 quasi
584 2815 705 2879 remota
719 2813 879 2878 oculorum
893 2815 1072 2878 nostrorum
1086 2813 1220 2896 caligine
1240 2813 1404 2880 conditum

273 2915 359 2982 caelo
389 2917 455 2982 eius
484 2917 609 2983 culmen
639 2917 787 2994 ostendit,
817 2917 908 2984 tanto
934 2917 1052 2983 maiore
1074 2916 1296 3000 desperationis
1318 2915 1403 2982 mele

273 3017 491 3101 deprimimur.
538 3022 772 3087 inmensitatem
816 3019 970 3104 siquidem
1014 3019 1080 3085 eius
1123 3035 1196 3084 cum
1232 3019 1403 3103 exiguitate

273 3121 451 3187 nostrarum
466 3122 583 3191 uirium
599 3122 763 3189 metientes
778 3127 812 3188 et
825 3123 958 3189 nimiam
982 3122 1192 3190 humilitatem
1208 3121 1434 3208 ignorantiacas

273 3227 398 3289 nostrae
427 3241 498 3290 cum
526 3223 651 3291 infinita
678 3225 808 3291 uirtutis
837 3227 979 3291 ostensae
1001 3225 1188 3292 celsitudine
1210 3225 1403 3292 conduentes

272 3326 461 3411 paruitatem
493 3332 633 3394 nostram
662 3346 724 3395 non
749 3327 852 3394 solnm
874 3329 914 3394 ad
934 3328 1026 3395 illam
1048 3347 1111 3395 non
1132 3343 1221 3412 poseo
1242 3328 1401 3412 prolicere,-

375 3515 407 3568 11
425 3527 484 3582 cap.
500 3511 605 3569 tlt-43

323 3683 340 3737 1
364 3681 400 3737 ad
422 3679 522 3738 occo
624 3682 806 3737 amoram
828 3682 939 3738 Mem
961 3681 1400 3756 qubdentutcconpnluuceat

274 3768 353 3841 Ode:
382 3773 413 3824 ct
433 3769 472 3836 cf.
489 3769 563 3824 Inet-
582 3767 778 3836 mdlfis.
882 3769 912 3824 18
934 3767 1027 3838 Quum
1055 3769 1078 3827 O
1191 3773 1305 3844 quoqne]
1333 3789 1406 3844 puros⁴

272 3853 332 3910 BF
427 3853 615 3925 'ltyncilllttc
632 3853 690 3909 BF
714 3853 899 3912 inuitato
966 3855 1079 3912 ¹obortis
1095 3857 1135 3912 Ρ
1163 3858 1262 3916 ertio
1357 3857 1403 3914 nni

272 3958 323 3997 oro.
344 3941 410 4013 Oto
505 3941 539 3996 10
555 3941 642 3996 sinui
659 3939 740 3999 ΒΘΖ
834 3942 867 3998 11
885 3943 1065 4012 praediximur
1084 3941 1150 4015 opu
1241 3945 1402 4015 litemque

271 4027 386 4084 miritae
413 4027 481 4098 Osis
591 4026 626 4081 14
651 4027 773 4092 unc-0,
796 4044 800 4071 ³
873 4030 907 4084 1⁶
931 4027 1120 4099 disperatiober
1137 4031 1221 4086 13¹0:
1271 4040 1274 4048 ·
1308 4031 1401 4102 ipsum

269 4115 313 4172 K*
399 4117 432 4171 ll
450 4115 611 4172 remnumm
628 4115 696 4186 Ode
787 4117 820 4173 18
836 4116 920 4172 abban
937 4116 1026 4173 mo
1110 4117 1149 4173 11.
1162 4117 1402 4189 precellentissime

273 4202 298 4258 0
406 4201 441 4257 11
468 4201 657 4270 dicpmstiouis
683 4201 784 4261 B¹OZ¹
894 4203 930 4259 14
955 4203 1136 4274 deprimamur
1159 4205 1191 4261 F
1221 4205 1399 4275 dcpromimur

271 4287 315 4343 Κι
414 4303 499 4357 quum
523 4287 548 4344 0
646 4287 684 4342 db
708 4288 895 4346 bumilitatem
921 4290 1092 4360 morandus
1119 4289 1190 4347 Bm*
1220 4291 1398 4348 ebmctlom

270 4375 397 4445 ignamae
416 4372 482 4445 Ode
583 4375 619 4430 111
634 4389 718 4444 quum
739 4376 764 4433 0
862 4375 898 4432 11
916 4376 1022 4447 illadr
1169 4389 1172 4396 ·
