3009 5200
309 459 350 525 36
697 456 862 511 Iohannis
879 455 1040 511 cassiani

310 646 438 724 dederit,
468 644 569 710 adbuc
596 644 744 728 indagare
772 643 975 726 disponimus,
1005 643 1154 726 primitus
1180 644 1289 728 prosit,
1311 646 1348 707 ut
1370 660 1427 707 nes

309 751 347 814 do
368 747 467 829 ipsius
489 746 668 812 excellentia
690 750 722 810 et
744 747 960 829 moderatione,
982 763 1063 827 quae
1076 745 1180 828 prima
1199 744 1303 809 eidem
1325 745 1429 809 uirtus

309 851 408 916 inesse
430 848 634 932 cognescitur,
658 848 843 914 disserentes
865 848 1085 932 disputationis
1107 865 1226 930 quoque
1242 847 1429 928 ueltempe-

309 955 353 1018 ris
374 954 501 1017 modum
521 969 582 1017 non
604 951 766 1034 permittat
787 954 937 1016 meedera.

281 1080 303 1142 4
352 1071 410 1136 liis
425 1072 530 1153 itaque
544 1071 653 1136 beatus
668 1070 792 1154 bloyres
807 1070 974 1135 conlaticni
988 1073 1109 1134 nostrae
1124 1070 1203 1134 dana
1216 1069 1311 1136 tinem
1328 1070 1430 1136 adhuc
1457 1091 1472 1130 e

310 1191 365 1238 nos
382 1173 488 1239 auidos
504 1191 540 1239 ac
556 1174 594 1237 de
609 1191 664 1238 suo
679 1191 730 1239 ore
748 1173 917 1254 pendentes
934 1173 1100 1256 degustare
1115 1191 1258 1238 somnum
1272 1174 1432 1258 paulisper

307 1279 450 1342 hortatus
466 1279 523 1355 est,
539 1276 638 1341 isdem
653 1277 730 1360 ipsis
746 1275 858 1357 quibus
873 1274 1086 1340 insidebamus
1101 1274 1246 1358 psiathiis
1258 1277 1431 1342 admonens

307 1379 464 1458 innubere,
481 1377 653 1442 embrimiis
671 1379 788 1460 pariter
809 1377 906 1459 capiti
927 1381 1031 1442 nostro
1055 1376 1256 1442 ceruicalium
1269 1379 1338 1442 uice
1354 1380 1430 1443 sub-

308 1482 429 1564 positis,
446 1499 532 1564 ·quae
555 1481 756 1546 crassioribus
784 1481 909 1564 papyris
930 1481 962 1544 in
984 1480 1092 1563 longos
1120 1481 1312 1564 gracilesque
1334 1481 1432 1546 fasci-

306 1585 396 1650 culos
429 1584 544 1650 coactis
576 1583 784 1666 sesquipedali
816 1583 982 1648 interuallo
1015 1585 1133 1666 pariter
1166 1585 1322 1668 conligata
1349 1604 1433 1651 nunc
1443 1603 1474 1642 10

311 1690 435 1770 quidem
449 1687 660 1752 humillimum
675 1686 772 1751 sedile
787 1687 826 1751 ad
841 1685 968 1751 scabilli
988 1685 1091 1750 uicem
1105 1686 1256 1752 iratribus
1273 1687 1306 1751 in
1321 1688 1434 1771 synaxi

312 1789 541 1856 subsidentibus
552 1791 721 1872 praestant,
734 1808 817 1854 nuuc
828 1808 901 1853 uero
912 1790 1053 1854 subiecta
1065 1789 1236 1855 ceruicibus
1248 1791 1434 1856 dormienti-

311 1912 365 1957 um
386 1894 534 1978 praebent
555 1892 652 1974 capiti
675 1911 734 1957 uon
753 1892 850 1956 nimie
866 1893 988 1972 durum,
1008 1891 1063 1957 sed
1079 1891 1243 1957 tractabile
1258 1895 1431 1976 aptumque

283 1995 509 2063 dirimentem.
540 1997 669 2077 adcuos
683 1996 901 2060 monachorum
917 2013 992 2058 usus
1007 1995 1082 2059 baec
1097 1995 1212 2060 idcirco
1228 1996 1280 2060 uel
1295 1997 1433 2061 manure

307 2100 465 2180 oportuna
485 2098 636 2164 habentur
651 2100 683 2162 et
699 2115 840 2182 congrua,
864 2101 944 2179 quod
960 2115 1021 2161 non
1035 2097 1137 2162 solum
1153 2097 1219 2162 sint
1234 2097 1432 2182 abquatenus
1444 2117 1472 2156 ιδ

311 2199 420 2266 mellic
441 2218 595 2283 paruoque
616 2203 647 2265 ct
670 2219 761 2284 opere
775 2201 996 2284 praeparentur
1010 2202 1042 2264 et
1055 2201 1165 2282 pretio,
1188 2203 1297 2283 utpote
1315 2201 1435 2282 passim

310 2319 427 2386 papyro
449 2319 502 2384 per
525 2304 608 2388 rIpas
629 2303 697 2368 Nili
719 2303 857 2368 fluminis
879 2303 1066 2388 emergente,
1096 2304 1151 2368 sed
1175 2303 1273 2368 etiam
1295 2304 1379 2385 quod
1393 2304 1435 2367 ad

313 2405 533 2470 remouendum
565 2425 619 2471 seu
655 2425 725 2471 cum
762 2424 882 2471 noemae
918 2407 1014 2472 inerit
1052 2406 1281 2471 admouendum
1316 2406 1435 2472 habilis

308 2507 462 2572 metonae
494 2508 633 2592 leuisque
667 2512 797 2574 naturae
830 2509 905 2575 sint.
945 2514 1037 2592 atquo
1070 2510 1120 2574 ita
1153 2511 1317 2592 praecepto
1349 2511 1434 2573 senis

314 2610 439 2676 tandem
454 2630 560 2677 sumus
576 2614 615 2678 ad
630 2614 876 2697 degustationem
891 2613 993 2678 somni
1009 2630 1138 2679 onerosa
1152 2612 1257 2697 quiete
1269 2613 1433 2696 conpositi,
1443 2631 1471 2670 ec

315 2714 379 2778 tam
401 2714 540 2799 digestae
563 2716 745 2781 conlationis
768 2716 952 2780 inflammati
975 2717 1088 2798 gaudio
1112 2734 1207 2798 quam
1230 2716 1435 2799 repromissae

316 2818 534 2899 disputationis
556 2818 768 2901 expectatione
789 2820 939 2900 suspensi.

369 3102 506 3157 ldederet
526 3105 574 3159 W¹
657 3104 777 3159 indicare
793 3105 834 3159 Β*
923 3105 1156 3173 3dispntationes
1177 3105 1225 3160 W¹
1314 3103 1439 3159 bmoaes

316 3186 402 3242 D²W
490 3189 640 3243 conlatione
655 3188 748 3245 D¹W¹
852 3190 970 3246 'Iisdem
988 3190 1031 3243 X=
1058 3188 1163 3243 hisdem
1180 3188 1251 3243 DW
1346 3188 1438 3241 8em·

316 3273 422 3327 brimisa
439 3274 458 3339 (i
477 3276 554 3344 erce.)
572 3274 602 3328 D
700 3276 803 3345 capitae
820 3275 851 3329 D
950 3274 1104 3345 suppositus
1120 3274 1164 3329 D¹
1266 3273 1369 3343 dquae
1386 3289 1438 3328 ora

317 3375 347 3429 D
455 3376 630 3445 grossioribus
657 3377 687 3431 X
800 3351 1009 3433 1occcftis1)
1121 3375 1301 3445 sesquipedali
1333 3375 1369 3430 W

316 3460 433 3530 bipedali
451 3462 489 3527 (bi
506 3464 538 3515 ts
555 3478 609 3516 ras.
627 3480 662 3517 m.
675 3465 705 3529 2)
724 3460 756 3516 X
851 3464 883 3517 11
901 3462 1009 3518 scabelli
1026 3460 1120 3517 D²Xc
1220 3461 1252 3515 12
1270 3458 1439 3514 consedenti-

319 3548 366 3599 bus
389 3544 463 3601 D¹X
562 3548 595 3601 13
619 3549 746 3617 praebens
775 3547 814 3602 W
912 3550 945 3602 16
967 3556 1123 3615 reparentur
1150 3545 1219 3600 WX
1318 3543 1439 3612 praemio

320 3634 372 3688 W*
459 3634 491 3686 17
505 3640 569 3701 post
585 3638 737 3704 emergente
755 3634 866 3689 macac
884 3634 948 3688 Xe:
977 3648 1056 3702 quam
1076 3634 1172 3701 cuique
1188 3630 1292 3685 uolenti
1309 3629 1340 3682 iu
1357 3646 1439 3683 usum

317 3719 453 3773 adsumere
470 3734 546 3773 neme
564 3720 705 3787 probibeat
722 3720 842 3776 domare
927 3720 961 3774 21
978 3718 1112 3775 inflamati
1134 3718 1173 3773 W
1255 3715 1289 3769 22
1306 3714 1439 3783 anapemi.

318 3805 431 3873 Explicit
453 3804 571 3858 conlatio
595 3806 681 3873 prima
700 3810 748 3875 (pr.
767 3806 834 3859 conl.
856 3807 907 3873 W)
931 3805 1037 3859 abbatis
1055 3804 1162 3871 (abbate
1178 3802 1231 3870 D¹)
1252 3802 1321 3855 mosi
1339 3800 1439 3869 (moysi

317 3890 367 3956 13²)
391 3890 422 3943 de
444 3889 565 3945 monachi
588 3890 766 3945 destinatione
787 3892 863 3956 (dist.
881 3892 921 3956 D)
946 3890 989 3946 nel
1012 3891 1073 3944 fine.
1100 3889 1201 3957 Incipit
1223 3887 1343 3942 eiusdem
1366 3886 1439 3940 senis

317 3975 431 4031 conlatio
448 3976 525 4043 (conl.
542 3991 591 4031 osa.
615 3976 661 4043 W)
684 3977 797 4030 secunda
819 3976 851 4029 dc
872 3975 1030 4030 discretione
1052 3972 1122 4029 DW
1155 3972 1292 4042 Incipiunt
1315 3973 1381 4041 cepi
1407 3972 1439 4026 de

317 4060 431 4115 secunda
452 4062 601 4115 conlatione
624 4061 740 4117 eiusdem
764 4062 835 4116 senis
857 4060 901 4117 D:
927 4077 978 4116 usn.
998 4062 1036 4118 W
1069 4059 1187 4131 Explicit
1210 4058 1327 4113 conlatio
1352 4058 1440 4129 moysi

318 4146 349 4201 de
370 4146 492 4201 monachi
515 4148 689 4202 institucione
712 4149 755 4201 uel
777 4147 838 4200 fine.
867 4146 1007 4215 Incipiunt
1030 4147 1148 4216 capitula
1172 4143 1305 4214 sequeutia
1322 4143 1390 4197 libri
1407 4143 1439 4197 de

317 4232 430 4287 secunda
448 4232 593 4287 conlatione
612 4233 726 4287 eiusdem
745 4232 816 4286 senis
835 4231 868 4285 X
