3009 5200
431 456 592 514 Conlatio
613 457 646 524 V,
664 457 775 514 18-19.
1106 461 1171 530 145

74 669 125 733 qnae
148 649 221 714 sicut
249 667 309 733 per
331 647 436 714 omnia
460 647 558 714 deleri
580 666 642 714 non
663 651 805 733 possunt,
826 647 874 714 ita
895 649 1010 716 debent
1032 653 1166 732 quadam

74 752 239 818 declinatione
263 751 373 818 uitari.
409 754 449 818 de
470 750 530 817 bac
552 751 636 818 enim
659 751 793 818 dieitur:
819 752 860 816 et
880 752 1014 820 earnis
1036 755 1200 821 curam2

73 855 285 921 reieceritis
317 855 355 922 in
377 854 606 921 desideriis.
644 854 719 920 dnm
748 853 843 921 buius
865 873 938 940 ergo
960 875 1050 924 curae
1072 876 1181 941 qnam·

72 959 243 1043 praecipimnr
265 977 331 1027 non
353 978 409 1044 per
423 959 528 1026 omnia
542 958 713 1038 abscidere,
736 958 791 1024 sed
806 959 924 1043 absque
939 959 1099 1026 desideriis
1114 979 1179 1026 er-·

61 1065 152 1141 enuere,
172 1063 344 1129 retinemus
367 1061 524 1143 affectum,
547 1062 708 1129 euidenter
723 1062 913 1148 Aegyptiam
930 1063 1087 1129 nationem
1103 1082 1167 1130 non

72 1165 252 1250 extinguimus,
272 1167 331 1233 sed
350 1169 389 1234 ab
407 1166 476 1252 ipsa
492 1167 626 1250 quadum
641 1165 828 1234 discretione
841 1183 1031 1249 separamur,
1050 1167 1167 1233 nonde

71 1269 194 1351 nprdnis
227 1287 283 1335 sen
319 1270 506 1337 lautioribus
539 1269 640 1355 epulis
677 1269 861 1354 cogitantes,
898 1270 954 1336 sed
991 1269 1165 1336 secundum

72 1374 208 1454 apostolum
236 1375 328 1441 uictu
361 1374 515 1442 cotidiano
542 1374 789 1458 indumentoque
819 1375 967 1440 contenti.
1006 1377 1088 1460 qnod
1118 1373 1197 1440 ita3

71 1475 202 1558 boudin
234 1480 335 1545 etiam
368 1479 404 1544 in
432 1479 502 1562 lege
535 1479 719 1546 nudetur:
753 1497 828 1544 non
863 1478 1178 1546 abominaberis

57 1580 282 1663 etegpptium,
315 1583 406 1666 quia
436 1581 559 1649 fuisti
580 1582 712 1648 incola
733 1581 772 1647 in
795 1584 900 1648 terra
922 1583 1018 1648 eius.
1056 1599 1164 1649 neces-

72 1683 138 1746 srriuo
160 1683 241 1748 onim
269 1685 376 1752 uictus
406 1683 524 1768 corpori
553 1703 615 1751 non
644 1684 710 1750 sine
739 1683 792 1750 uel
820 1684 925 1770 ipsius
950 1684 1088 1771 pernicie
1111 1685 1180 1752 uel*

74 1785 160 1850 aduae
179 1789 295 1854 scelere
310 1790 491 1874 denegatur.
514 1787 644 1854 illarum
659 1806 733 1854 nero
749 1788 871 1872 septem
885 1787 1164 1873 perturbationum

73 1889 129 1953 adut
145 1891 326 1959 omnimodis
342 1891 504 1960 noxiarum
519 1891 557 1958 de
570 1890 744 1958 recessibus
760 1892 882 1960 animae
896 1892 1023 1959 noemae
1037 1893 1163 1978 penitus

75 1994 253 2061 examinandi
284 1999 361 2061 sunt
389 1997 504 2062 motus.
541 1997 579 2062 de
608 1992 657 2060 his
686 1994 772 2060 enim
801 1995 849 2062 ita
878 1994 1011 2062 dicitur:
1033 1995 1164 2062 omnis

60 2096 247 2162 teneritudo
279 2099 321 2164 et
350 2097 414 2164 ira
441 2101 480 2163 et
507 2096 737 2184 indignatio
760 2100 800 2164 et
822 2096 973 2164 clamor
995 2099 1034 2164 et
1054 2097 1160 2164 blas-

76 2198 186 2280 ptenia
206 2202 378 2268 tollatur
392 2220 411 2268 a
425 2199 541 2266 uobis
563 2219 648 2266 cum
662 2198 771 2267 omni
785 2199 961 2276 malitia,
978 2203 1010 2268 et
1025 2200 1161 2266 iterum:

77 2301 243 2368 fornicatio
273 2307 403 2370 autem
433 2307 469 2369 et
491 2303 617 2368 omnis
647 2301 900 2369 inmunditia
921 2302 962 2368 et
983 2303 1163 2370 auaritia

78 2423 119 2469 nec
139 2407 353 2473 nominetur
382 2407 422 2472 iu
448 2406 580 2486 uobis,
603 2406 676 2486 aut
695 2404 907 2488 turpitudo
931 2408 998 2473 ant
1018 2404 1161 2472 stulti·

77 2507 206 2591 loquium
236 2510 305 2575 ant
338 2509 585 2577 scurrilitas.
630 2525 794 2593 possumus
830 2525 901 2593 ergo
933 2507 1046 2574 horum
1080 2504 1193 2592 quaed

62 2614 163 2678 autumo
188 2614 407 2697 superinducta
435 2617 510 2681 sunt
538 2612 658 2679 radiosa
687 2611 847 2678 abscidere
874 2611 1038 2692 uitiorum,
1066 2630 1159 2680 usum

78 2734 122 2780 uero
138 2716 359 2802 gastrimargiae
380 2734 575 2801 nequaquam
596 2716 773 2783 ualebimus
794 2716 966 2798 amputare
988 2733 1052 2783 non
1073 2717 1159 2785 euim

79 2835 201 2899 munus,
228 2821 463 2905 quantumlibet
490 2820 720 2905 profecerimus,
754 2820 788 2885 id
810 2837 873 2886 non
894 2838 960 2887 esse
989 2822 1071 2904 quod
1101 2840 1160 2889 nu·

80 2920 163 2986 sinon
193 2925 270 3007 quod
300 2924 349 2989 ita
378 2942 444 2991 esse
473 2927 541 2990 tam
574 2924 682 2990 nostm
710 2926 764 3007 qui
793 2940 904 2989 sumus
932 2924 1036 3008 exigui
1061 2942 1157 3009 quam

81 3024 173 3089 ennium
198 3027 408 3109 perfectorum
436 3026 505 3093 uita
535 3025 567 3090 et
597 3027 831 3093 conuersatione
862 3028 1063 3095 monstratur.
1102 3030 1159 3113 qni

65 3140 122 3189 acon
137 3127 313 3211 niquarum
335 3128 513 3212 passionum
536 3128 705 3195 reciderint
728 3128 874 3195 stimulos
887 3132 983 3213 atquo
996 3130 1160 3199 heremum

80 3226 119 3291 bo
134 3232 230 3297 nentis
251 3232 375 3299 feruore
397 3234 429 3298 et
451 3232 588 3317 corporis
610 3233 931 3316 expetantnuditate,
953 3234 1158 3301 nihilominus

82 3332 180 3399 cotidiui
198 3336 297 3403 uictus
313 3335 513 3420 prouidentia
527 3339 561 3402 st
575 3336 671 3403 annui
686 3338 776 3419 panis
790 3338 1025 3421 praeparatione
1041 3356 1156 3421 neque·

80 3434 113 3495 ue
127 3434 239 3503 liberam

144 3620 235 3677 ditem.
252 3626 293 3690 13,
310 3624 343 3678 14
433 3624 611 3679 cesluim.
630 3624 685 3691 6,8
774 3624 888 3681 9Dent
906 3626 948 3692 23,
963 3626 1086 3695 ULXX)

46 3696 100 3766 eii
110 3700 157 3770 opo.
170 3706 192 3772 4,
206 3708 235 3763 31
342 3708 374 3763 17
393 3708 460 3779 idph.
478 3710 503 3776 5,
520 3708 590 3765 a-4

47 3920 48 3989 1
110 3872 201 3933 ldelere
215 3880 254 3935 D¹
354 3880 511 3937 debeantO
602 3880 717 3951 quodam
732 3881 769 3938 V¹
865 3881 1010 3954 theclae
1026 3883 1088 3940 ΨΟ

82 3952 295 4023 debemusne
320 3965 535 4022 abhominaberis
551 3966 614 4023 m>
703 3967 736 4022 14
753 3967 794 4022 ita
805 3968 900 4025 ooo-O
984 3970 1019 4026 lo
1035 3969 1158 4027 braetv

82 4036 94 4089 0
160 4048 186 4101 17
202 4056 253 4107 orins
270 4054 300 4121 (i.
318 4070 341 4108 c.
360 4054 463 4122 omues)
485 4053 523 4110 W
622 4053 657 4108 18
673 4054 825 4108 nominitur
846 4054 873 4109 V
963 4055 997 4109 19
1014 4054 1154 4112 scurilitas

84 4122 144 4183 VD¹P
210 4138 546 4197 bonaturarsnaturaD
637 4142 671 4195 22
683 4142 880 4211 quantumlicat
890 4142 932 4197 12¹
1017 4143 1153 4213 proficeri-

83 4222 117 4264 ΜΒ
132 4216 240 4280 VD¹W1²
312 4228 347 4284 25
364 4227 511 4282 reciderent
528 4226 558 4281 D
586 4225 707 4282 recidant
724 4242 758 4283 coc
775 4227 895 4282 recident
913 4227 951 4282 W
1026 4228 1154 4285 stimulus

47 4276 106 4389 Π
164 4306 235 4380 adque
254 4314 328 4371 VOP
415 4312 450 4368 26
467 4316 606 4385 erpeetant
624 4314 654 4368 D
682 4316 821 4383 expectant
842 4314 916 4370 W¹O
1000 4314 1153 4371 nuditatem

48 4378 134 4439 ’ΒΨ
210 4398 343 4456 ticottid.
360 4398 429 4457 WX
527 4400 711 4469 prouidentiae
728 4398 776 4455 W¹
873 4400 909 4455 28
925 4400 1040 4457 liberare
1061 4402 1088 4457 V

114 4484 169 4547 ml
198 4514 248 4561 cm.
269 4523 287 4563 a.
1016 4504 1049 4559 10
