3009 5200
298 429 338 495 78
691 432 857 488 Iohannis
873 432 1032 489 Cassiani

296 625 421 690 eulmen
453 625 615 707 peruenire
649 640 710 689 non
743 625 881 708 possent,
914 625 988 707 quia
1021 623 1142 692 soiliest
1173 624 1308 709 pristina
1342 623 1426 690 uitia

295 745 479 809 morumque
490 725 747 793 ineuntinentiam
758 725 811 791 nel
821 725 968 810 snperbia
979 728 1031 793 uel
1041 727 1230 810 inpatientia
1240 729 1424 796 dominante

295 830 328 896 in
357 831 420 895 suis
450 829 594 896 cordibus
621 831 793 896 retinentes
822 847 1017 913 nequaquam
1043 849 1078 897 se
1098 830 1139 897 ab
1162 832 1226 898 illis
1248 846 1422 913 expurgare

295 934 441 998 ourarent
462 938 493 997 et
516 933 555 998 ob
576 933 609 998 id
631 935 670 999 ad
692 932 856 998 eadtatem
878 933 929 998 dei
946 951 1025 1016 quae
1039 951 1212 1018 numquam
1226 934 1311 1000 eadit
1324 934 1424 999 mini-

264 1036 345 1104 9me
376 1035 584 1119 peruenirent.
623 1035 676 1118 qui
708 1036 820 1119 utique
856 1035 1017 1104 inferiores
1055 1038 1158 1104 edenti
1192 1038 1251 1104 boo
1287 1035 1466 1102 seeundos

293 1139 531 1207 renuntiationis
560 1139 660 1225 gradu
688 1141 789 1205 multo
822 1141 927 1206 minus
956 1140 1048 1207 illum
1075 1141 1206 1208 tertium
1233 1131 1424 1225 qui'proonl

293 1241 387 1308 dubio
417 1245 464 1308 est
492 1241 657 1308 sublimior
683 1243 929 1324 adprehendunt.
967 1243 1153 1328 diligentius
1185 1249 1289 1310 tamen
1322 1244 1423 1309 etiam

293 1346 476 1411 doomonte
498 1345 689 1429 perpendite,
717 1346 798 1428 quod
821 1363 882 1412 non
904 1346 1091 1429 simpliciter
1112 1347 1225 1413 dixerit
1249 1340 1288 1412 ‘si
1310 1345 1422 1412 distri·

293 1446 390 1514 buero
417 1448 585 1514 facultates
614 1439 718 1513 meas'.
756 1448 916 1514 uideretur
944 1449 1028 1513 enim
1051 1450 1090 1514 de
1112 1450 1168 1515 illo
1189 1449 1271 1515 iorte
1292 1449 1421 1524 dixisse,

293 1551 348 1633 qui
370 1551 503 1615 needum
525 1549 742 1635 euangelioum
764 1551 898 1635 implens
921 1554 1103 1618 mandatum
1118 1552 1220 1618 adbuo
1233 1551 1296 1617 sibi
1310 1570 1347 1616 er
1360 1550 1421 1626 ais,
1434 1573 1464 1613 ιο

294 1653 377 1718 siout
408 1653 550 1720 nonnulli
578 1653 753 1737 tepidorum
779 1653 910 1733 iaoiunt,
932 1654 1051 1738 aliquid
1073 1655 1272 1720 reseruassat.
1309 1653 1364 1719 sed
1387 1655 1423 1719 si

294 1753 559 1835 distribuero,
583 1756 697 1838 inquit,
719 1773 848 1821 omnes
875 1756 1096 1823 facultates
1120 1775 1225 1822 meas
1247 1758 1286 1822 in
1308 1755 1423 1821 eibos

294 1876 523 1942 pauperum,
554 1860 661 1924 idest
690 1859 813 1924 etiamsi
840 1860 975 1942 periente
1007 1861 1267 1928 abrenuntiauero
1295 1859 1422 1924 diuitiis

243 1963 363 2035 loistis
386 1963 528 2027 terrenis.
566 1961 639 2027 huie
660 1979 781 2045 quoque
803 1963 1029 2029 renuntiationi
1044 1963 1131 2028 alind
1146 1963 1210 2027 mai
1302 1961 1420 2027 iunxit:

294 2065 334 2130 et
365 2064 570 2130 tradidero
603 2083 742 2149 eorpus
777 2085 901 2132 meum
929 2067 972 2131 nt
1002 2066 1170 2147 ardeam,
1204 2068 1460 2132 oaritatemrr

292 2187 382 2234 uero
405 2186 477 2234 non
498 2165 686 2245 habuero,
711 2170 815 2235 nibil
836 2186 933 2247 snm,
957 2186 995 2234 ao
1015 2169 1042 2234 si
1064 2170 1136 2234 aliis
1150 2168 1257 2236 uerbis
1271 2169 1421 2234 dixisset:

293 2271 320 2336 si
349 2271 535 2336 distribuero
563 2272 596 2336 in
626 2269 710 2338 oibos
737 2290 910 2355 pauperum
938 2289 1045 2337 omnes
1071 2271 1239 2338 laoultates
1260 2288 1347 2338 meas
1369 2289 1423 2336 se·

293 2376 429 2440 eundum
463 2374 678 2455 euangelieum
712 2375 792 2439 illud
824 2374 1008 2439 mandatnm
1041 2391 1101 2455 quo
1128 2373 1260 2440 dieitur:
1290 2374 1325 2438 si
1352 2373 1422 2438 nis

292 2477 495 2561 perlaetus
525 2496 625 2562 esse,
656 2479 769 2556 uado,
801 2477 923 2542 uends
951 2478 1078 2542 omnia
1106 2495 1202 2559 qnae
1229 2478 1352 2543 babes
1380 2481 1422 2542 et

292 2583 337 2648 da
366 2580 621 2665 pauperibus,
650 2583 689 2647 et
717 2579 882 2647 babebis
909 2579 1140 2646 thesaurum
1166 2581 1204 2646 in
1226 2582 1351 2659 eaelo,
1373 2579 1459 2647 itare

292 2684 414 2751 soiliost
442 2684 673 2761 abrenuntians,
702 2688 738 2749 ut
768 2702 804 2748 er
832 2683 882 2748 bis
904 2683 984 2749 nihil
1006 2684 1131 2766 ponitus
1153 2682 1230 2749 mibi
1252 2702 1420 2763 reseruam,

292 2790 325 2852 et
346 2788 418 2854 buin
440 2788 611 2872 erogationi
637 2785 824 2871 martyrium
847 2790 1005 2852 exustione
1021 2805 1108 2852 meae
1122 2789 1224 2852 earnis
1238 2786 1421 2870 adiunxero,

292 2892 338 2955 iia
365 2894 402 2956 ut
428 2908 538 2973 eorpus
567 2907 671 2955 meum
700 2892 825 2956 tradam
851 2907 908 2974 pro
935 2888 1069 2969 Christo,
1099 2891 1132 2956 ot
1159 2894 1267 2955 minen
1291 2890 1345 2955 nel
1367 2890 1420 2954 in·

293 2993 414 3076 patiens
443 2992 494 3057 uel
522 2994 690 3059 iracundus
713 2993 766 3058 ael
787 2993 912 3058 inuidns
934 2992 985 3057 uel
1006 2995 1156 3077 superbus
1184 2993 1247 3058 sim
1267 2994 1318 3057 uel
1340 2992 1421 3057 alio-

292 3113 362 3160 rum
395 3094 574 3161 inflammer
600 3095 722 3160 iniuriis
749 3095 802 3160 uel
829 3112 976 3177 quaeram
1003 3114 1082 3178 quae
1109 3114 1178 3161 moa
1206 3097 1283 3161 sunt
1307 3094 1360 3159 nel
1383 3112 1456 3161 ears

293 3216 371 3281 quas
393 3198 477 3263 mala
503 3199 577 3264 sunt
598 3198 732 3282 segitem
746 3198 799 3263 uel
814 3198 963 3264 uniuersa
976 3216 1055 3283 quae
1069 3198 1147 3265 mibi
1162 3203 1293 3281 possunt
1307 3197 1421 3263 inferri

242 3310 354 3375 11non
380 3303 534 3385 patienter
561 3302 755 3384 libenterque
782 3304 963 3381 sustineam,
993 3302 1072 3366 nihil
1104 3301 1183 3367 mibi
1205 3302 1345 3385 proderit
1366 3320 1421 3366 er-

292 3404 416 3470 terioris
439 3404 575 3470 hominis
598 3404 826 3471 abrenuntiatio
849 3408 941 3487 atque
965 3404 1127 3471 aonbustio
1150 3404 1296 3471 interiore
1316 3403 1421 3469 adhue

395 3620 428 3674 rs
446 3619 495 3674 ιιι.
518 3620 557 3685 19,
576 3618 609 3671 21

345 3815 360 3868 1
378 3812 483 3883 possint
500 3811 599 3867 D¹PX
688 3810 905 3867 daemomonia
918 3813 941 3868 0
1025 3814 1043 3867 d
1061 3812 1184 3866 uenbent
1203 3813 1226 3868 0
1310 3813 1326 3865 9
1344 3812 1420 3865 uida·

292 3901 339 3953 tur
367 3898 432 3954 D¹0
537 3897 569 3951 10
595 3897 649 3951 sibi
676 3912 744 3953 erue.
771 3899 803 3952 in
829 3896 859 3952 D
962 3899 994 3952 ll
1020 3897 1118 3970 aliquit
1145 3897 1169 3953 0
1269 3912 1420 3951 reseruasse

291 3986 333 4041 D*
437 3989 478 4039 set
495 3986 570 4053 D(O)
675 3984 706 4038 12
724 3983 819 4053 inquid
835 3984 934 4040 DWP
1031 3984 1111 4055 cybus
1128 3983 1186 4039 DP
1288 3983 1319 4037 17
1338 3982 1419 4053 eyter

291 4104 322 4161 D
410 4107 442 4160 18
459 4120 620 4173 euangeonm
637 4103 668 4158 D
747 4105 815 4172 quod
833 4104 923 4161 WOP
1010 4104 1042 4158 19
1059 4077 1130 4158 ιιίιὰο
1147 4104 1178 4159 D
1262 4102 1296 4157 21
1314 4102 1420 4158 soilioat

290 4194 321 4246 ot
343 4189 372 4245 D
474 4208 504 4245 ex
531 4190 582 4259 bis]
600 4204 655 4245 roo.
673 4192 693 4243 2
710 4190 763 4245 litt.
782 4194 821 4254 (et
836 4191 881 4245 ael
899 4194 939 4257 ex)
956 4191 989 4244 ia
1005 4190 1035 4245 D
1137 4188 1172 4243 22
1196 4189 1356 4258 ιιιιιιγιὶιιιιι
1373 4204 1418 4243 ex·

291 4274 398 4330 ustione
419 4275 520 4331 D¹0rr
550 4292 585 4329 m.
609 4276 773 4329 exustionem
794 4275 835 4331 W
864 4291 899 4328 m.
923 4276 1070 4330 exustionis
1093 4275 1164 4329 D'P
1277 4272 1312 4328 21
1335 4272 1418 4342 prode

289 4361 345 4415 orit
364 4360 387 4417 0
487 4360 521 4415 28
539 4360 662 4415 interiori
681 4361 868 4415 salutationis
887 4361 910 4417 0
