3009 5200
296 447 339 513 18
621 537 623 542 Α
683 449 851 506 Iohannis
874 453 1032 510 Cassiani

297 637 505 724 corruptionis
533 639 626 722 positi
657 639 852 722 deputantes,
881 640 914 705 in
944 659 1005 723 quo
1031 645 1122 706 amnt
1145 641 1341 725 corruptione
1363 643 1426 708 de-

297 744 397 826 posita
411 743 614 825 permansuri,
641 743 857 826 perueniuntes
879 747 917 809 ad
940 743 1031 809 illam
1052 745 1286 829 promissionem
1302 746 1424 811 domiui

296 845 459 912 saluatoris
493 865 554 929 quc
587 844 720 912 dieitur:
759 846 868 912 beati
902 847 1042 912 mundo
1071 850 1204 926 corde,
1236 850 1422 931 quoniam

296 953 372 1034 ipsi
395 951 503 1016 deum
531 950 730 1016 uidebuut.

337 1072 392 1140 XI.
423 1071 464 1138 leo
491 1073 565 1156 quid
594 1073 755 1138 miramini
783 1075 811 1137 ei
839 1071 896 1138 illa
924 1071 1026 1138 oihoia
1046 1073 1188 1155 superius
1210 1076 1420 1157 conprehensa
1444 1101 1462 1141 e

295 1175 480 1258 transibunt,
512 1193 581 1240 cum
614 1181 740 1241 sanctus
771 1176 932 1258 apostolus
963 1175 1058 1242 ctiam
1083 1176 1266 1242 sublimiora
1287 1176 1421 1260 spiritus

294 1278 395 1346 sancti
424 1279 611 1345 charismata
641 1277 812 1345 transitura
840 1277 1008 1359 describat,
1034 1279 1132 1344 solam
1153 1299 1229 1346 uero
1252 1281 1418 1345 caritatem

294 1383 435 1467 designet
465 1383 530 1447 sine
559 1379 619 1446 line
648 1399 828 1447 mansuram
857 1383 955 1460 siue,
983 1380 1137 1465 inquiens,
1164 1383 1418 1465 prophetiae.

293 1484 609 1551 euacuabuntur:
665 1485 752 1550 siue
807 1485 987 1569 linguae,
1044 1485 1277 1552 cessabunt:
1330 1487 1420 1551 siue

293 1579 481 1667 scientia,
503 1589 755 1668 destruetur,
779 1588 1025 1654 debacantem:
1042 1587 1193 1655 caritas
1209 1607 1455 1673 numquamne

261 1691 456 1760 2excidit.
493 1691 598 1758 omnia
619 1709 756 1775 namque
777 1693 857 1758 dona
884 1711 940 1776 pro
962 1709 1022 1757 usu
1044 1709 1081 1757 ac
1106 1692 1291 1758 necessitate
1313 1692 1419 1757 trihu-

292 1801 388 1862 nntur
409 1796 448 1861 ad
471 1799 603 1878 tempus,
626 1798 843 1861 consummata
864 1795 1093 1878 disponsatione
1115 1814 1186 1861 mor
1201 1796 1307 1879 procul
1321 1795 1417 1862 dubio

292 1901 472 1979 mansitare,
496 1901 609 1965 caritas
631 1917 705 1963 uero
726 1899 813 1965 nullo
837 1898 1050 1981 intercipietur
1065 1901 1212 1981 tempore.
1237 1916 1297 1964 neu
1313 1900 1416 1964 solum

292 2003 375 2068 euim
397 2003 430 2068 in
453 2001 611 2085 praesenti
633 2002 749 2068 mundo
776 2002 898 2069 utiliter
919 2007 1064 2084 operatur
1085 2001 1231 2081 iuuobis,
1247 2003 1416 2068 sedetiam

292 2108 325 2171 in
339 2106 443 2171 futuro
458 2107 580 2172 sarcina
600 2123 761 2188 corporeae
781 2107 974 2172 necessitatis
995 2106 1116 2172 abiecta
1136 2104 1290 2171 efficacior
1312 2108 1415 2171 multo
1427 2129 1454 2170 15

292 2214 385 2292 atque
419 2209 617 2274 excellentior
649 2209 854 2291 permanebit,
885 2210 972 2274 nullo
1001 2226 1151 2291 umquam
1185 2210 1415 2291 corrumpenda

290 2311 422 2388 defectu,
438 2313 493 2378 sed
508 2330 562 2396 per
577 2313 838 2396 incorruptionem
853 2313 1031 2395 perpetuam
1048 2312 1234 2395 flagrantius
1249 2312 1305 2377 deo
1320 2314 1416 2396 atque

290 2415 439 2481 intentius
462 2414 642 2480 adhaesura.

181 2620 188 2630 ⁸
330 2534 404 2609 xli.
427 2551 624 2601 damnus:
647 2533 722 2615 Quis
746 2552 820 2619 ergo
842 2535 946 2618 potest
967 2533 1072 2618 fragili
1088 2552 1180 2602 omne
1200 2534 1413 2601 circumdatus

289 2642 342 2705 ita
361 2660 429 2706 csse
458 2638 531 2705 huic
557 2636 696 2704 theoriae
722 2657 845 2722 semper
873 2638 1001 2719 adfixus,
1031 2643 1069 2703 ut
1095 2656 1267 2721 numquam
1297 2640 1450 2721 cogitatio

200 2726 205 2738 ’
289 2742 326 2808 de
354 2744 460 2809 fratris
487 2739 632 2824 aduentu,
659 2741 697 2807 de
719 2742 902 2808 uisitatione
924 2742 1051 2820 infirmi,
1075 2744 1113 2808 de
1135 2761 1227 2827 opere
1249 2759 1411 2819 manuum,

252 2918 256 2925 ¹
289 2851 371 2911 certe
400 2846 438 2911 de
466 2844 662 2910 humanitate
690 2844 862 2929 peregrinis
884 2844 934 2910 uel
957 2843 1193 2911 aduenientibus
1216 2844 1412 2911 exhibenda?

287 2950 441 3031 postremo
463 2948 532 3031 quis
554 2965 616 3012 non
637 2946 854 3029 interpelletur
883 2948 1017 3031 eorporis
1039 2948 1137 3031 ipsius
1158 2946 1334 3033 prouisione
1356 2946 1410 3012 uel

288 3051 383 3116 eura?
411 3053 467 3115 aut
495 3050 756 3133 quemadmodum
785 3070 872 3116 mens
900 3055 951 3118 uel
977 3053 1010 3119 in
1038 3072 1096 3136 quo
1119 3054 1169 3119 illi
1198 3050 1350 3119 inuisibili
1378 3055 1410 3115 et

288 3151 583 3238 inconprehensibili
605 3154 661 3218 deo
686 3154 791 3219 ualeat
813 3154 985 3237 cohaerere,
1010 3158 1152 3241 cupimus
1173 3156 1304 3221 edoceri.
1419 3181 1447 3221 re

328 3274 418 3340 XIII.
433 3291 580 3341 uorsus:
596 3275 760 3341 Iubuerere
775 3276 901 3358 quidem
918 3278 973 3341 deo
984 3279 1098 3362 iugiter
1109 3281 1141 3342 et
1151 3274 1408 3359 contemplationi

285 3378 351 3443 eius
379 3378 642 3461 quemadmodum
668 3378 774 3444 dicitis
796 3378 1044 3462 inseparabiliter
1067 3380 1205 3464 copulari
1227 3379 1410 3463 inpossibile

285 3483 332 3546 eet
360 3481 478 3546 homiui
505 3480 567 3545 ista
596 3482 696 3547 carnis
718 3480 891 3566 fragilitate
913 3482 1113 3549 circumdato.
1151 3501 1263 3549 uerum
1284 3483 1407 3563 oportet

386 3700 548 3767 alitae
650 3700 871 3767 81001.13,8
975 3702 1084 3759 llil-c·

336 3922 555 3992 lcorruptiones
577 3923 624 3980 W¹
728 3888 923 4010 2promimss1ir
940 3923 970 3977 D
1073 3923 1153 3978 ldae
1170 3924 1211 3979 D¹
1314 3925 1406 3977 1101·

282 4040 357 4095 cedet
373 4040 414 4095 D¹
443 4043 546 4097 excedit
561 4043 963 4111 W(cltcrumeiarae.m.2)
981 4043 1023 4096 X¹
1052 4044 1154 4098 excidet
1170 4045 1211 4098 Χ1
1299 4044 1331 4099 15
1347 4044 1407 4099 eiii·

282 4126 365 4181 ratior
381 4126 452 4184 DW
547 4129 579 4182 16
596 4127 698 4197 adquae
714 4130 752 4185 W
849 4128 878 4182 ll
897 4128 1061 4198 fraglantiue
1075 4131 1114 4186 W
1199 4130 1283 4199 adque
1303 4128 1341 4183 W

285 4212 315 4267 19
338 4211 424 4282 flagili
447 4213 477 4268 D
578 4214 611 4267 21
635 4213 723 4267 fratrli
745 4212 787 4267 1)ι
893 4212 927 4267 22
950 4214 994 4268 uel
1016 4217 1086 4270 certe
1108 4215 1160 4271 Xe
1262 4216 1296 4269 26
1319 4230 1406 4268 moses

281 4298 365 4354 D¹W
452 4301 673 4370 contomplatione
690 4301 731 4356 1)ι
828 4300 947 4355 didicis
965 4300 1005 4355 Β*
1096 4302 1309 4371 insuperabiliter
1326 4318 1405 4371 copo·

281 4385 331 4439 lari
348 4385 388 4439 D¹
492 4386 644 4454 imposibile
660 4386 691 4441 D
