3009 5200
503 418 665 478 conlatio
688 417 727 486 ΙΙ,
746 417 789 474 13.
1163 418 1207 486 55

56 595 145 663 blanda
166 598 418 670 consolatione
447 607 633 674 demulcens
655 625 783 693 seseque
806 609 951 676 sdserem
972 607 1074 674 isdem
1090 606 1204 674 cotidie

57 703 266 768 menbrorum
297 705 476 778 stimulis
505 712 598 794 utque
626 711 765 778 aestibus
793 711 918 796 agitari,
947 714 979 778 et
1005 708 1121 778 idcirco
1143 728 1205 775 nou

58 806 142 872 debere
169 822 247 870 enm
278 825 443 890 prorsus
477 814 686 897 desperatione
715 814 878 882 concidere
904 833 961 880 nec
982 813 1092 880 mirari
1114 832 1206 897 super

57 906 277 990 iupupnetionis
304 915 458 1000 ardore,
482 917 536 1002 qui
556 935 618 984 non
640 921 707 986 tam
722 918 838 986 laboris
852 919 957 985 studio
973 937 1067 1002 quam
1082 917 1205 984 miseri·

45 1010 137 1078 reordia
156 1011 289 1080 domiui
316 1016 359 1082 et
385 1020 506 1103 gratia
519 1022 703 1102 uinceretur,
720 1021 814 1088 unius
828 1022 953 1088 tentum
967 1020 1031 1087 diei
1045 1020 1084 1086 ab
1100 1023 1206 1088 eodem

58 1117 170 1198 popcscit
193 1116 372 1198 indutias,
401 1124 443 1188 et
467 1125 504 1188 ut
523 1124 731 1190 reuerteretur
752 1125 793 1190 ad
815 1142 905 1192 suam
927 1124 1073 1191 cellulam
1095 1125 1205 1208 depre-

58 1223 125 1284 catus
145 1219 187 1284 ad
209 1225 482 1292 monasterium
500 1225 649 1310 praedicti
664 1227 746 1294 senis
763 1228 830 1293 tota
844 1226 1045 1294 festinatione
1059 1227 1203 1309 perrexit.

58 1341 166 1404 cunque
195 1321 313 1390 eidem
348 1328 584 1410 proximasset,
608 1330 749 1412 expensis
772 1329 915 1394 menibus
937 1327 1110 1395 orationem
1134 1331 1234 1394 cumi

59 1423 174 1490 bnimis
196 1425 366 1510 fundens,
397 1433 562 1512 conuerte,
585 1432 640 1508 ait,
660 1430 793 1511 domine,
812 1432 867 1514 qui
882 1432 1073 1498 occultarum
1088 1431 1206 1497 uirium

41 1537 82 1594 set
92 1529 295 1598 infirmitatis
309 1532 492 1602 humanae
503 1536 588 1601 solus
603 1535 720 1602 arbiter
731 1535 802 1618 pius
814 1552 851 1600 ao
863 1534 998 1602 secretus
1014 1553 1046 1600 es
1058 1534 1205 1614 medicus,

61 1635 311 1718 inpugnationem
341 1639 480 1704 iuuenis
501 1638 589 1704 illius
612 1639 646 1703 in
669 1656 775 1704 senem
788 1639 898 1721 istum,
913 1640 950 1703 ut
965 1635 1205 1704 condescendere

63 1737 291 1806 infirmitatibus
326 1741 544 1808 laborantum
571 1745 604 1805 et
635 1741 760 1824 coupati
788 1739 953 1824 fragilitati
975 1739 1132 1806 iuniorum
1153 1739 1206 1807 uel

63 1841 263 1908 insensatute
287 1845 473 1911 doceatur.
509 1863 640 1928 cumque
667 1843 723 1908 ille
744 1843 825 1908 hanc
846 1861 969 1926 precem
991 1861 1062 1908 oum
1084 1841 1205 1926 gemitu

64 1945 262 2029 conclusisset,
290 1949 411 2014 cernit
435 1947 623 2030 Aethiopem
645 1951 784 2013 taetrum
812 1949 923 2012 contra
947 1945 1034 2012 illius
1057 1945 1205 2012 cellulam

44 2047 180 2112 edentem
191 2053 300 2132 atque
314 2049 436 2132 ignita
445 2048 997 2132 aduersuseumisculadirigeutem.
1010 2047 1204 2132 quibuscum

65 2149 156 2215 fuisset
176 2151 236 2216 ille
260 2155 428 2235 protinus
450 2153 609 2218 sauciatus
632 2153 664 2218 et
678 2169 858 2235 progressus
872 2170 891 2218 e
905 2150 983 2216 cella
995 2151 1056 2217 huc
1069 2151 1205 2233 illucque

66 2252 136 2316 udut
156 2273 272 2320 amens
299 2259 339 2320 et
368 2254 476 2320 ebrius
499 2254 673 2330 cursitaret,
697 2257 791 2338 abque
806 2255 966 2340 egrediens
980 2257 1013 2320 et
1027 2253 1204 2338 ingrediens

67 2355 116 2420 iam
132 2375 164 2420 ee
183 2358 220 2422 in
246 2377 287 2424 sa
313 2358 489 2424 continere
510 2376 572 2424 non
596 2359 707 2442 posset,
731 2357 839 2424 eadem
854 2355 909 2423 uia
922 2373 1050 2440 pergere
1065 2354 1204 2422 concitus

68 2459 159 2541 eoepit,
180 2479 248 2543 qus
271 2461 417 2528 iuuenis
438 2460 495 2526 ille
516 2461 708 2528 discesserat.
746 2479 839 2544 quem
861 2459 956 2527 abbas
978 2459 1091 2542 Apollo
1114 2459 1232 2525 uelutss

46 2565 205 2629 sementem
230 2563 374 2632 iactum
396 2564 580 2648 quibusdam
603 2564 693 2631 furiis
710 2563 900 2649 conspiciens
915 2563 1028 2648 agitari
1043 2558 1203 2628 intellexit

69 2665 189 2744 ignitum
218 2666 359 2738 diaboli
390 2670 472 2749 quod
500 2668 623 2735 uiderat
646 2669 745 2733 telum
767 2670 802 2734 iu
823 2670 914 2735 corde
935 2666 1002 2731 eius
1025 2663 1123 2731 inisse
1146 2665 1201 2730 de·

70 2766 147 2831 mum
175 2770 346 2853 illamque
377 2769 413 2835 in
441 2788 476 2836 eo
502 2770 714 2837 confusionem
741 2771 855 2837 mentis
878 2787 914 2835 ao
935 2766 1202 2851 perturbationem

70 2886 202 2937 suenum
232 2872 458 2939 intolerandis
485 2873 624 2939 aestibus
657 2873 787 2955 operari,
822 2872 1026 2955 accedensque
1052 2870 1092 2937 ad
1121 2888 1203 2949 eum,

71 2990 126 3053 quo,
156 2976 286 3059 inquit,
324 2992 471 3057 properas
504 2977 560 3040 aut
592 2994 743 3058 quaenam
773 2978 805 3040 te
832 2993 944 3068 causae
977 2972 1084 3039 senilis
1113 2972 1201 3037 iliius

47 3076 227 3157 ngrsuitstis
254 3077 400 3145 oblitum
423 3077 470 3145 ita
490 3077 653 3161 pueriliter
674 3077 850 3162 inquietant
872 3095 909 3144 sc
931 3075 1089 3143 mobiliter
1103 3076 1202 3140 cursi-

71 3180 126 3243 tare
153 3180 385 3265 conpellunt?
414 3198 545 3262 cumque
571 3179 628 3247 ille
649 3198 706 3263 pro
728 3179 936 3247 eonscientiae
958 3196 1032 3244 suae
1054 3179 1143 3244 reatu
1166 3185 1232 3250 act)

72 3282 141 3366 turpi
167 3284 397 3365 exagitatione
426 3282 569 3349 confusus
591 3282 731 3350 crederet
753 3284 896 3351 ardorem
918 3280 968 3349 sui
988 3279 1123 3367 pectoris
1145 3283 1200 3350 de-

114 3537 125 3590 1
144 3536 243 3591 isdem
262 3535 318 3590 X':
347 3534 451 3590 hisdem
468 3534 605 3592 DWOX¹
705 3534 815 3591 cottidie
833 3528 895 3591 DX
993 3534 1096 3605 ddisp.
1113 3551 1202 3591 conce

72 3619 123 3675 dere
137 3622 187 3677 D*
292 3620 443 3689 btamtnru
467 3620 490 3676 0
585 3620 740 3676 biuduciss
757 3621 820 3676 DX
912 3622 1033 3677 cellolam
1050 3621 1134 3677 1)“Χι

71 3722 505 3794 dommuccensem.)
525 3724 561 3781 W
647 3724 816 3794 'ipraadicta
831 3724 887 3779 D¹:
913 3741 963 3780 om.
986 3724 1009 3780 0
1094 3689 1199 3780 8i⁸dem

76 3810 107 3863 W
197 3808 428 3864 90cultorum0
512 3811 601 3864 uirum
618 3809 648 3865 D
736 3811 766 3864 11
786 3813 858 3865 stnm
880 3809 915 3868 0¹
1001 3810 1034 3864 12
1051 3808 1201 3880 fragilitats

75 3894 105 3947 D*
214 3896 362 3965 negenite
379 3894 553 3949 conclusitset
570 3894 610 3950 1)Ι
716 3896 749 3951 14
765 3898 866 3954 tetrum
888 3894 945 3951 ΟΧ
1038 3895 1153 3951 eelulam
1169 3895 1200 3951 D

74 3982 169 4037 cellula
189 3982 228 4037 W
255 3980 380 4036 cellolam
395 3978 437 4035 X¹
541 3980 573 4035 li
591 3979 678 4051 addus
694 3978 724 4035 D
823 3983 852 4035 et
868 3979 1020 4050 ingrediens
1037 3996 1087 4037 osa
1110 3982 1133 4037 0

78 4067 104 4119 18
122 4067 166 4137 es]
184 4066 252 4122 celle
270 4072 295 4133 (c
312 4066 345 4120 ιἰι
361 4080 419 4123 ras.
436 4082 471 4121 ιιι.
489 4066 520 4134 2)
537 4066 566 4120 D
670 4066 756 4137 possit
778 4064 865 4121 D¹W
964 4067 996 4122 19
1018 4068 1082 4153 quia
1102 4066 1132 4121 D

77 4169 174 4237 spello·
186 4175 303 4239 (serua)
321 4170 361 4227 W
440 4168 474 4223 21
486 4166 644 4223 diabuliD¹
730 4168 977 4239 22perturbstione
991 4168 1032 4224 W
1107 4168 1142 4224 23
1158 4171 1203 4224 iu·

78 4254 227 4311 tollmdis
249 4257 280 4311 D
386 4252 422 4309 24
444 4253 539 4323 inquid
560 4252 634 4309 DW
733 4254 768 4309 at
789 4252 828 4323 sc]
847 4253 923 4308 etia
940 4269 1047 4313 roem.
1065 4254 1132 4310 21)

79 4339 108 4392 id
125 4340 232 4397 mederit
248 4342 292 4397 D*
