3009 5200
468 429 628 487 Conlatio
648 428 741 495 vnn,
760 428 835 483 'l-9.
1147 434 1210 501 259

95 615 289 700 portationis
326 617 448 684 culmen
484 617 519 683 in
555 618 702 685 orationis
740 620 1006 687 consummatione
1044 621 1212 689 consistere

93 718 238 785 debuisti.

135 822 223 889 VIII.
253 839 367 890 nasac:
392 823 560 892 Vniuersas
589 826 764 891 orationum
797 826 911 907 species
946 825 1061 909 absque
1091 827 1213 912 ingenti

95 925 192 989 cordis
213 926 308 1008 atquo
328 926 451 993 animae
476 927 614 1011 puritate
636 933 668 993 et
690 927 931 994 inluminatione
963 930 1062 995 saneti
1085 931 1213 1012 spiritus

76 1027 228 1093 sarbitror
256 1031 461 1111 conprehendi
487 1049 550 1097 nou
576 1050 674 1115 posse.
712 1033 761 1112 tot
788 1032 870 1099 onim
899 1036 972 1099 suut
998 1036 1075 1117 quot
1097 1035 1131 1100 iu
1154 1056 1214 1103 una

94 1133 208 1214 anima,
229 1132 327 1199 immo
349 1134 382 1199 in
404 1134 524 1201 cunctis
546 1134 712 1201 animabus
734 1138 836 1201 statam
851 1139 969 1218 queunt
984 1137 1214 1222 qualitatesque

94 1236 241 1319 generari.
282 1238 315 1301 et
344 1237 414 1303 ideo
447 1236 522 1305 licet
553 1238 688 1305 sommus
721 1258 776 1308 uos
808 1258 863 1321 pro
896 1239 1079 1307 hebitudine
1111 1242 1243 1307 condiet

94 1341 191 1405 nostri
214 1340 374 1406 uniuersas
393 1341 568 1407 orationum
582 1344 700 1426 species
717 1362 778 1409 uon
793 1360 881 1427 posse
895 1342 1079 1425 perspicere,
1097 1346 1212 1423 tamen,

93 1446 306 1525 inquantum
332 1443 530 1511 mediocritas
564 1446 772 1529 experientiae
806 1447 929 1511 nostrae
962 1448 1090 1530 adsequi
1122 1467 1213 1531 prae-

67 1546 245 1627 tumuerit,
285 1547 423 1631 digerere
460 1566 511 1615 aas
553 1551 722 1633 utcumque
766 1549 997 1632 temptabimus.
1046 1552 1213 1617 secundum

93 1668 270 1717 mensnram
297 1669 431 1733 namque
453 1652 610 1735 puritatis,
633 1654 667 1717 iu
689 1670 782 1735 quam
812 1669 900 1717 mons
923 1671 1122 1737 unaquaeque
1143 1674 1214 1737 pro·

93 1753 158 1819 boit
180 1755 213 1817 et
234 1752 416 1836 qualitatem
438 1758 540 1819 status
562 1756 671 1838 inquo
693 1755 745 1819 uel
762 1774 798 1819 er
813 1754 1031 1821 accedentibus
1046 1756 1215 1823 inclinatur

94 1858 144 1922 uol
169 1875 226 1940 per
255 1876 344 1923 suam
371 1860 538 1923 renouatur
566 1858 766 1937 iudustriam,
798 1860 881 1939 ipsae
906 1876 1026 1941 quoque
1050 1862 1214 1927 momentis

93 1960 226 2043 singulis
254 1960 476 2028 reformantur:
509 1964 541 2027 et
575 1961 689 2026 idcirco
723 1960 892 2027 uniformes
924 1962 1078 2029 orationes
1112 1964 1215 2029 emitti

66 2081 215 2147 asemper
238 2085 257 2131 a
277 2063 402 2129 nemine
425 2084 514 2148 posse
537 2065 747 2131 certissimum
769 2067 823 2131 est.
865 2064 955 2130 aliter
977 2066 1061 2130 enim
1084 2063 1243 2149 quieqne3

93 2167 250 2250 supplicat
277 2186 349 2233 oum
377 2169 479 2233 alacer
500 2172 556 2251 est,
585 2169 676 2233 aliter
698 2186 769 2233 oum
793 2167 942 2234 trist'tiae
964 2186 1019 2233 seu
1044 2169 1214 2250 desperati-

92 2271 157 2336 onis
178 2271 314 2353 pondero
335 2275 569 2355 praegrauatur,
593 2272 686 2337 aliter
713 2290 783 2337 cum
806 2269 999 2353 spiritalibus
1021 2271 1214 2337 sumessibus

94 2374 188 2457 uiget,
212 2376 303 2440 aliter
325 2393 395 2439 cum
417 2374 677 2459 inpugnationum
703 2377 784 2441 mole
808 2375 1004 2455 deprimitur,
1027 2374 1120 2439 aliter
1143 2392 1214 2439 cum

95 2480 218 2543 ueniam
256 2481 462 2561 peccatorum,
499 2479 592 2545 aliter
629 2497 699 2544 cum
736 2477 976 2561 adquisitionem
1009 2478 1129 2559 gratiae
1162 2497 1215 2543 sou

66 2580 262 2646 ”cuiuslibet
283 2580 413 2648 uirtutis
435 2583 572 2664 exposcit
586 2582 639 2648 uel
661 2583 743 2647 certo
764 2581 981 2646 extinctionem
997 2581 1214 2665 cuiuscumque

95 2683 163 2748 uitii
188 2685 381 2767 deprecatur,
405 2684 498 2750 aliter
520 2702 592 2750 cum
614 2685 861 2750 consideratione
883 2684 1041 2767 gehennae
1063 2701 1100 2748 ao
1115 2683 1214 2750 futuri

94 2788 200 2854 iudicii
222 2788 335 2852 timore
356 2786 574 2872 conpungitur,
596 2788 687 2853 aliter
709 2805 781 2854 cum
803 2807 856 2870 spe
871 2786 1047 2852 futurorum
1063 2785 1213 2854 bonorum

93 2890 304 2974 desiderioque
326 2889 517 2969 flammatur,
547 2891 639 2956 aliter
669 2909 739 2955 oum
764 2891 797 2955 iu
819 2889 1054 2955 necessitatibus
1077 2909 1112 2956 ao
1134 2891 1214 2974 peri-

93 2995 182 3078 culis,
206 2994 299 3060 aliter
321 3011 393 3059 oum
415 2994 449 3058 in
470 2995 638 3060 emunitate
654 3011 692 3060 ao
706 2993 937 3077 tranquillitate
953 2996 1106 3072 uersatur,
1123 2994 1214 3058 aliter

66 3116 162 3163 acum
199 3101 460 3163 sacramentorum
507 3098 690 3164 caelestium
732 3097 974 3163 reuelationibus
1019 3097 1213 3175 inlustratur,

93 3201 183 3266 aliter
218 3219 289 3266 cum
322 3201 490 3267 sterilitate
520 3203 677 3266 uirtutum
710 3218 747 3268 ao
781 3219 927 3267 sensuum
961 3199 1108 3266 ariditate
1143 3219 1213 3266 con-

92 3303 268 3386 stringitur.

134 3405 239 3472 Vllll.
268 3407 309 3474 Et
336 3406 453 3472 idcirco
481 3406 530 3472 bis
557 3425 647 3489 super
680 3407 855 3472 orationum
889 3405 1040 3490 qualitate
1075 3405 1214 3487 digestis,

95 3507 168 3573 lioet
188 3529 250 3576 non
273 3514 424 3592 quantum
447 3510 582 3591 exposcit
603 3509 753 3575 materiae
776 3508 969 3593 magnitudo,
993 3508 1048 3572 sed
1064 3509 1214 3591 quantum

142 3765 311 3820 duniuirsaa
326 3765 363 3820 V¹
447 3766 570 3821 loordis
586 3766 748 3820 contritione
766 3766 811 3820 Pc
898 3765 982 3834 adque
999 3764 1050 3818 VP
1132 3761 1216 3816 animi

96 3850 145 3905 Xo
245 3851 382 3906 batonim
398 3851 440 3906 D¹
543 3852 613 3920 quod
629 3851 749 3908 DWOP
851 3850 1055 3905 ‘lbaebitudine
1077 3851 1102 3904 V
1128 3849 1215 3906 hebet

99 3936 180 3994 W¹0¹
275 3938 305 3990 ll
325 3938 535 4008 qnamaoripat':
561 3936 708 4006 quacodd.
727 3954 744 3992 o
762 3937 798 4004 cs.
816 3953 876 4006 cop.
895 3941 919 4004 9,
938 3940 966 3991 2.
984 3935 1216 4005 15,2et1adtc.

96 4036 152 4078 ao.
165 4023 290 4092 prolicere
377 4022 584 4091 profecitD¹W
676 4023 709 4076 12
720 4022 815 4091 quaD
906 4022 1086 4078 accidentibus
1102 4022 1150 4077 VO

97 4109 129 4162 13
145 4108 327 4166 muooeturO
429 4109 462 4162 14
478 4109 659 4164 reformantur
681 4109 707 4162 V
807 4109 842 4178 etl
862 4108 909 4163 sed
929 4108 968 4163 W
1071 4109 1217 4164 uniformes

101 4193 127 4248 V
224 4195 256 4250 16
277 4194 375 4264 dispar.
398 4194 495 4249 D¹OP
598 4195 631 4250 18
654 4194 832 4266 dapraemitur
854 4195 891 4250 W
994 4194 1027 4248 19
1052 4195 1155 4263 gratiae
1171 4210 1217 4252 sou

98 4292 146 4332 ora
166 4280 203 4336 W
303 4279 336 4334 21
356 4279 405 4334 bac
427 4278 475 4332 W:
500 4296 553 4336 osor.
574 4279 624 4335 ΟΡ
726 4278 760 4333 22
777 4278 919 4335 iuditiiV
1018 4279 1052 4334 26
1070 4279 1217 4334 sterelitate

97 4362 202 4421 D¹WP
303 4366 430 4419 uirtututl
448 4365 477 4419 D

1060 4465 1114 4521 ll*
