3009 5200
459 462 620 520 Conlatio
644 464 718 529 xxi,
736 464 847 519 16-18.
1153 464 1215 531 593

90 658 276 732 iniustitiae,
310 656 524 740 inpatientiae,
561 654 669 734 furori,
703 652 918 735 inpudicitiae,
951 653 1087 719 inuidiae
1120 656 1213 737 atque

90 760 252 844 superbiae
274 762 402 826 libertas
425 759 591 843 aliquando
613 761 765 842 permissa
787 761 845 823 est.

118 880 251 946 owni
291 880 498 958 Quamobrem
537 880 586 943 his
627 880 665 945 de
699 880 809 944 ieiunii
844 878 995 961 qualitate
1033 879 1212 960 praemissis

90 984 250 1051 subdenda
282 985 382 1049 adhuc
414 988 595 1049 sanaturum
628 984 852 1067 seripturarum
881 982 1006 1046 uidetur
1034 982 1212 1059 auctoritas,

69 1106 146 1171 aper
167 1106 259 1169 quam
282 1085 480 1152 manifestius
502 1088 690 1169 adprobatur
718 1086 870 1151 ieiunium
892 1086 1039 1167 perpetuo
1063 1085 1212 1151 custodiri

92 1208 151 1255 nec
177 1191 288 1255 debere
314 1208 372 1256 nac
403 1208 501 1274 posse.
538 1192 572 1254 in
601 1189 764 1271 euangelio
798 1188 1006 1255 ieiunantibus
1038 1186 1213 1253 Pharisacis

92 1310 252 1358 unacum
281 1292 443 1375 discipulis
469 1291 615 1358 Iohannis
636 1292 801 1374 Baptistae
829 1308 900 1356 cum
928 1291 1070 1373 apostoli,
1105 1294 1214 1374 utpote

91 1397 185 1461 amici
208 1399 300 1479 atque
321 1398 470 1462 conuiuae
492 1395 635 1461 caelestis
649 1396 736 1460 illins
751 1398 864 1478 sponsi,
881 1398 1011 1461 necdum
1027 1394 1213 1461 ieiuniorum

90 1501 321 1566 obseruantiam
355 1500 557 1577 custodirent,
590 1500 733 1582 discipuli
771 1498 927 1577 Iohannis,
965 1500 1019 1582 qui
1056 1516 1211 1565 summam

55 1604 231 1672 iniustitiae
257 1623 291 1669 se
320 1604 446 1669 ieiuniis
466 1604 622 1685 possidere
645 1602 824 1681 credebant,
854 1607 967 1687 quippe
996 1601 1082 1667 illius
1113 1606 1212 1668 secta-

89 1712 173 1773 tores
194 1709 249 1789 qui
270 1707 402 1773 erimine
423 1708 632 1790 paenitentiae
660 1707 853 1790 praedicator
881 1708 926 1771 ita
948 1708 1067 1773 eunctis
1090 1707 1213 1789 populis

89 1812 224 1876 formam
251 1830 307 1876 suo
328 1814 497 1894 praebebat
519 1813 668 1894 exemplo,
692 1814 728 1876 ut
750 1829 812 1875 non
834 1811 936 1875 solnm
957 1812 1046 1876 uaria
1069 1829 1210 1877 escarum

89 1932 206 1997 genera
238 1931 317 1995 quae
349 1914 495 1979 humanis
528 1914 638 1979 usibus
670 1915 882 1995 subgeruntnr
915 1916 1075 1997 abnueret,
1105 1933 1213 1979 uerum

91 2018 189 2082 etiam
210 2035 406 2084 communem
428 2022 518 2100 panis
540 2018 638 2101 ipsius
660 2036 748 2082 esum
763 2018 888 2098 penitus
904 2018 1071 2101 ignoraret,
1088 2018 1213 2082 domiuo

54 2123 325 2204 reconqueruntur
353 2122 511 2188 dicentest-
535 2140 654 2203 qnarc
680 2138 750 2186 nos
773 2125 810 2185 at
832 2120 1039 2185 Pharisaei
1062 2123 1213 2186 ieiuna-

90 2244 174 2291 mns
195 2226 441 2307 frequenter,
466 2226 660 2310 discipuli
683 2228 816 2291 autem
837 2226 898 2289 tui
920 2243 992 2290 non
1008 2224 1214 2289 ieiunant?

90 2329 203 2412 quibus
225 2334 412 2413 respondens
433 2328 577 2394 dominns
601 2329 761 2395 euidenter
786 2328 924 2393 ostendit
947 2347 1007 2393 non
1031 2326 1116 2393 omni
1131 2328 1244 2401 tem-2

88 2450 164 2515 pore
197 2450 366 2515 congruum
399 2450 466 2497 esse
497 2434 647 2497 ieiunium
677 2451 734 2497 nec
763 2433 978 2507 necessarium,
1009 2449 1078 2495 cnm
1106 2430 1213 2512 aliqua

89 2537 143 2602 uel
179 2534 336 2602 iestiuites
371 2538 546 2618 temporum
582 2537 636 2603 uel
671 2536 884 2602 interueniens
922 2536 1057 2601 caritatis
1092 2533 1212 2600 occasio

52 2638 320 2722 „indulgentiam
367 2639 546 2705 relectionis
589 2641 739 2715 admittit
790 2638 978 2721 numquid
1024 2641 1211 2721 possunt,

88 2744 245 2826 inquiens,
276 2743 361 2807 lilii
390 2747 523 2825 spousi
553 2743 690 2826 lugere
719 2742 908 2824 quamdiu
931 2741 1129 2806 cumillis
1153 2741 1213 2805 est

88 2847 279 2930 sponsus?
300 2849 462 2913 uenient
485 2851 615 2912 antem
643 2845 726 2911 dies
753 2863 836 2910 cum
860 2845 904 2909 ab
927 2848 981 2909 eis
1004 2844 1214 2909 auferetur

89 2968 268 3034 sponsus,
302 2955 343 3016 et
373 2953 470 3016 tunc
499 2951 751 3015 ieiunabnut
789 2966 867 3031 quac
899 2948 997 3012 narba
1030 2947 1105 3011 licet
1138 2951 1211 3011 ante

87 3053 347 3120 resurrectionem
374 3053 486 3119 discut
514 3055 649 3134 corporis
677 3054 735 3146 sui,
766 3057 869 3116 temen
899 3051 1023 3133 proprie
1050 3049 1212 3133 Quinqua-

52 3159 250 3241 sogensimse
275 3159 400 3240 tempus
427 3156 604 3236 ostendunt,
633 3158 665 3221 in
694 3175 754 3239 qno
782 3157 853 3237 post
881 3156 1135 3220 resurrectionem
1158 3172 1213 3235 per

89 3261 299 3344 quadraginta
320 3260 386 3325 dies
408 3259 532 3325 domino
554 3278 623 3324 cum
647 3260 808 3342 discipulis
823 3260 970 3343 epulante
985 3258 1122 3323 ieiunare
1139 3255 1211 3320 illos

88 3363 263 3429 cotidianae
284 3363 351 3428 eins
371 3363 564 3446 praesentiae
585 3365 735 3447 gaudium
757 3380 818 3428 non
840 3363 969 3429 sinebat.

194 3590 391 3660 laneam
493 3589 655 3645 conare

142 3805 160 3858 3
177 3805 336 3874 qualitatem
354 3804 432 3859 ΒΨ
525 3805 544 3858 b
561 3804 721 3873 adprobatur
738 3803 908 3858 manifestius
926 3805 963 3873 lic
1055 3807 1211 3872 perpetuum

89 3891 108 3960 β
195 3889 329 3946 custodire
345 3889 387 3944 11¹
482 3889 666 3944 diariseisO
756 3891 871 3944 lunam
887 3889 966 3944 ΒΨ
1053 3906 1134 3958 quum
1151 3905 1212 3958 apo

90 3973 194 4030 stolio
271 3977 368 4045 utpute
379 3975 449 4029 ΡΖ
527 3975 768 4030 dobsarusntisF
850 3975 883 4029 10
895 3992 923 4029 se
935 3975 967 4029 de
978 3975 1086 4030 ieiuniis
1101 3974 1144 4031 Oo

89 4063 123 4117 11
141 4063 226 4132 penit
243 4061 320 4116 codd
406 4063 440 4115 13
457 4061 640 4131 subputantur
658 4062 693 4117 0:
722 4077 800 4132 sugg.
817 4063 878 4116 reti.
971 4062 1003 4117 14
1021 4061 1167 4117 eommunis
1184 4062 1212 4116 B

89 4147 122 4203 F
196 4148 231 4202 15
239 4148 464 4217 conquirunturd
530 4147 706 4204 dicuutan¹
777 4149 905 4204 fariseiO
981 4150 1015 4203 18
1026 4149 1145 4218 quumO

89 4235 127 4288 20
148 4233 278 4288 admittat
304 4233 328 4289 0
428 4233 462 4288 21
483 4235 598 4303 qumi)
697 4234 732 4288 22
749 4234 887 4289 suferetur
903 4234 937 4288 ab
955 4235 993 4289 sis
1014 4235 1081 4304 Οβυ
1098 4241 1125 4290 ct
1146 4235 1212 4290 Vsa

86 4325 157 4391 pata
243 4321 278 4376 25
295 4337 341 4390 per
358 4336 408 4375 orsa
432 4321 456 4376 0
545 4321 579 4375 26
596 4319 680 4390 xic
764 4321 903 4392 discipulis
920 4322 975 4376 suis
998 4321 1021 4378 0
1105 4322 1139 4376 al
1157 4327 1212 4377 cot·

86 4408 141 4463 tid.
157 4406 191 4461 K
290 4407 416 4463 mebant
433 4407 470 4462 Βι

139 4508 220 4564 ΧΙΠ.
255 4525 315 4570 σω.
337 4529 357 4569 s.
1077 4513 1111 4568 38
