3009 5200
464 437 623 495 Conlatic
647 436 711 504 vn,
729 435 807 492 2-4.
1136 432 1199 501 183

91 629 181 693 bun
202 625 362 706 sustineri,
384 626 500 694 idcirco
522 644 599 693 uera
620 626 686 693 eins
708 626 813 711 opinio
834 624 1002 692 indicanda
1023 624 1082 703 est,
1104 639 1200 707 quam

89 728 240 796 scendum
270 729 491 813 monentium
521 746 612 797 enam
640 729 729 797 unus
758 732 807 796 est
834 727 1012 812 protulisse,
1044 743 1115 793 nnn
1138 726 1200 791 hec

89 852 137 899 non
160 831 263 897 solum
291 850 353 898 non
383 849 449 897 esse
475 830 668 915 inpossibile,
698 832 870 899 sedetiam
900 830 1046 914 perfacile
1066 829 1106 897 ab
1127 828 1200 895 aliis

88 934 140 1001 ieri
158 934 281 1001 ratione
303 933 479 1001 certissima
492 939 525 1003 et
539 936 700 1003 oculorum
722 934 784 1002 fide
798 951 859 1002 non
873 934 968 1001 dubia
983 932 1197 1017 conprobetur.

76 1044 146 1115 ννοῑς
170 1038 289 1121 itaquo,
311 1038 345 1103 id
375 1041 424 1104 est
444 1056 542 1117 mens,
572 1030 751 1126 ἀεικίνητος
771 1035 826 1104 καί
853 1032 1065 1123 πολυκίνητος
1086 1032 1231 1101 defini-2

88 1143 136 1221 on,
166 1138 200 1205 id
229 1142 282 1206 est
311 1157 433 1224 semper
461 1140 588 1209 mobilis
610 1143 643 1208 et
663 1143 801 1207 multum
822 1141 959 1207 mobilis.
996 1138 1078 1221 quod
1099 1137 1200 1204 etiem

89 1241 294 1327 iudepicntin
322 1262 401 1327 quac
428 1244 543 1310 dicitm
574 1243 748 1311 Salomonis
781 1244 850 1311 aliis
883 1241 989 1309 uerbis
1018 1241 1065 1307 ita
1085 1240 1201 1308 descri-

88 1346 171 1413 bitnt:
198 1343 256 1411 καὶ
283 1345 400 1429 γεῶδες
427 1346 543 1432 ceipene
569 1342 681 1433 βρίθει
703 1347 778 1413 νοῦν
798 1337 1053 1433 πολοφρόντιδα,
1076 1341 1110 1409 id
1132 1343 1197 1409 ost:

89 1454 117 1515 et
134 1454 336 1516 terrenum
357 1448 638 1517 babitaculum
665 1452 862 1535 adgrauat
883 1450 1052 1516 mentem
1073 1446 1200 1513 multa

69 1553 327 1636 scogibcntem.
361 1553 441 1621 baec
463 1555 560 1637 igitur
580 1571 636 1638 pro
667 1554 848 1620 condicione
873 1554 1006 1620 naturae
1026 1567 1199 1634 numquam

89 1656 173 1737 pecc
199 1656 303 1723 otiosa
331 1656 509 1740 consistere,
536 1658 593 1723 sed
620 1675 746 1723 nwesse
777 1660 825 1723 est
846 1674 925 1741 mm,
955 1654 1016 1721 nisi
1038 1654 1199 1737 prouisum

89 1757 213 1827 babuerit
226 1760 286 1826 ubi
300 1778 373 1826 euos
390 1764 528 1826 exarmat
542 1763 647 1827 motus
663 1765 695 1827 et
713 1762 745 1827 in
762 1760 875 1844 quibus
889 1758 1007 1844 iugiter
1021 1758 1200 1840 occupetur,

90 1865 195 1946 propria
229 1862 411 1931 mobilitate
445 1864 617 1933 discurrere
650 1866 682 1931 et
715 1882 770 1950 per
801 1862 906 1930 omnia
933 1862 1076 1945 uolitare,
1104 1858 1203 1926 donec

90 1966 163 2051 longo
185 1967 335 2033 exercitio
357 1986 479 2052 usuque
499 1968 679 2035 adsuefacta
700 1968 859 2047 diuturno,
882 1984 943 2050 quc
957 1984 1014 2031 uos
1028 1967 1062 2031 in
1077 1979 1202 2030 cassm

71 2068 177 2134 edoce
212 2068 367 2152 laborare,
404 2070 579 2154 experiatur
616 2072 649 2137 et
685 2070 787 2137 decet
819 2088 895 2154 quas
927 2068 1094 2135 memoriae
1126 2082 1203 2131 auae

92 2173 218 2239 notarios
247 2173 364 2239 debeat
390 2192 584 2259 praeparere,
606 2192 679 2258 erga
706 2190 784 2256 quae
813 2172 1005 2258 circumagat
1029 2167 1202 2236 indefessos

92 2273 194 2341 uclntnc
215 2276 249 2341 et
272 2276 449 2342 inmorcndi
464 2278 557 2343 robur
572 2276 728 2360 adquirat,
751 2277 784 2342 et
797 2276 845 2343 ite
857 2275 1040 2358 praeualeat
1052 2276 1200 2340 aduenas

93 2378 192 2443 inimici
220 2378 442 2463 suggestiones
470 2378 583 2462 quibus
609 2378 841 2446 distrahebatur
863 2378 1026 2444 extrudere
1048 2378 1143 2459 atque
1165 2373 1200 2437 in

93 2480 133 2543 illo
152 2498 243 2563 qoem
267 2481 430 2547 desiderat
449 2482 537 2547 statu
559 2480 767 2564 etqualitate
789 2481 911 2547 durare.
947 2498 1009 2546 non
1031 2494 1105 2562 ergo
1118 2473 1232 2544 hano3

74 2584 291 2667 eucgetionem
313 2582 413 2650 cerdis
428 2583 526 2652 nostri
540 2584 593 2652 nol
606 2585 738 2651 naturae
758 2583 915 2650 humanae
929 2581 981 2649 nel
995 2581 1052 2648 deo
1069 2579 1202 2647 craton

94 2689 143 2750 eius
168 2685 319 2752 debemus
346 2685 529 2754 adscribere.
559 2705 634 2754 nera
661 2690 709 2753 est
738 2686 822 2753 enim
843 2687 1015 2771 scripturae
1036 2684 1202 2768 benuntia,

95 2791 150 2870 quic
167 2791 259 2855 deus
282 2788 382 2856 facit
399 2789 594 2856 hominem
610 2794 778 2856 rectum:
800 2789 930 2874 stipsi
947 2788 1203 2872 quaesierunt

95 2892 346 2973 cogitationes
370 2895 525 2962 multas.
564 2911 583 2960 a
603 2893 694 2961 nobis
711 2913 785 2978 crgo
798 2911 907 2960 earnm
923 2893 1061 2977 qualitas
1075 2890 1200 2976 pendet,

30 3059 31 3070 2
94 2994 150 3074 quic
174 2994 395 3081 cogitetiop
421 2997 535 3084 inquit,
568 2995 670 3064 bona
696 2998 920 3065 scientibus
948 3016 1031 3064 eam
1063 2995 1202 3078 adpro·

30 3101 32 3194 i
75 3098 255 3181 cpinqunt,
278 3100 344 3166 uir
365 3104 497 3166 nutem
519 3103 694 3184 prudens
715 3101 900 3167 inueniet
921 3118 1013 3168 enm.
1049 3097 1202 3183 quidquid

30 3285 32 3380 ί
177 3281 273 3353 bdap.
292 3284 317 3349 9,
330 3284 363 3339 15
375 3281 470 3352 (LXX)
556 3283 591 3338 22
609 3281 707 3338 dicolos
721 3282 899 3354 cacan)
985 3283 1020 3338 24
1036 3285 1114 3338 Pron.
1135 3284 1202 3351 lat

30 3387 31 3464 p
97 3363 171 3434 (m)

134 3535 297 3591 lustencri
318 3537 344 3592 V
371 3539 505 3594 amburere
525 3537 566 3592 D¹
669 3538 817 3594 indecande
837 3539 873 3595 V¹
974 3540 994 3594 5
1015 3541 1082 3600 νοῦς
1099 3537 1201 3608 itaque]

97 3621 167 3674 nneit
187 3639 256 3692 aqua
277 3623 316 3680 W
399 3625 557 3682 uebffiitoe
580 3625 611 3681 D
644 3627 817 3682 cobumbe
843 3625 882 3682 W
966 3627 1150 3697 uonykmnoe
1172 3625 1203 3680 D

97 3703 259 3764 coinrnbnuoc
289 3709 328 3764 W
455 3710 471 3764 7
498 3711 539 3766 itc
565 3710 688 3779 describ]
715 3711 878 3767 adscribitur
907 3711 934 3767 V
962 3712 1003 3766 ite
1029 3710 1135 3768 discrib.
1161 3711 1202 3766 D¹

99 3788 115 3844 0
189 3795 341 3850 ὅτεωΔοο
361 3792 426 3850 VW
510 3797 634 3854 eburneo
650 3797 681 3852 D
709 3796 842 3853 ckmco
864 3797 903 3854 W
987 3812 1077 3859 aaron
1100 3796 1139 3852 W

97 3887 283 3942 concrema
303 3887 334 3942 D
372 3889 668 3946 nobuuccdbnouuace
696 3891 735 3947 W
842 3906 944 3963 praeco
966 3894 1066 3948 omisso
1088 3896 1153 3947 socc
1172 3893 1204 3947 e'c

99 3982 131 4050 x,
152 3959 379 4056 oesm'cacca
400 3992 434 4047 ss
462 3991 512 4048 01>
613 3993 647 4048 10
672 3992 827 4049 conusens
854 3993 978 4051 ccccx
1080 3994 1114 4048 nn
1139 4010 1202 4049 sun

101 4075 127 4130 V'
219 4083 356 4152 solonge
379 4085 420 4140 D¹
522 4102 606 4157 nsque
626 4086 679 4143 ΥΡ
781 4088 814 4142 15
836 4086 929 4143 labere
949 4087 976 4144 V
1076 4088 1110 4143 16
1126 4087 1202 4143 inda-

98 4161 167 4219 foeeus
191 4167 225 4224 V¹
329 4170 361 4224 17
389 4172 468 4228 robor
494 4172 526 4228 X
627 4174 753 4229 aduersus
779 4172 908 4231 ίῑὌΡΧι
1010 4173 1043 4228 18
1068 4173 1203 4230 οιίηᾱοῐο

101 4247 137 4304 W¹
224 4254 308 4325 adque
331 4255 410 4313 VOP
504 4259 539 4314 23
556 4259 650 4328 pendit
666 4259 761 4316 WPX
860 4258 894 4315 ct
911 4258 1008 4329 inquid
1027 4258 1121 4315 VDOc
1152 4276 1203 4317 om·

102 4335 131 4392 W
221 4340 419 4412 adpropinquad
440 4343 479 4400 W
579 4343 612 4399 25
629 4345 757 4416 quioquid
779 4344 901 4403 VWOX
