3009 5200
446 473 604 529 Conlatio
623 472 698 539 XXI,
719 470 826 527 19-22.
1137 472 1202 539 595

83 684 136 730 oue
162 669 342 740 curuantur,
377 662 452 745 quia
484 662 609 727 inflexio
642 681 779 745 genuum
808 662 898 727 uelut
926 660 1137 745 paenitentiae
1166 677 1202 725 ae

81 768 178 833 luctus
206 767 359 831 indicium
387 766 443 830 est.
480 768 562 831 unde
589 764 687 830 etiam
715 784 770 847 per
800 764 905 829 omnia
931 766 1058 830 eandem
1080 762 1114 827 in
1137 763 1200 827 illis

81 870 319 936 sollemnitatem
342 886 439 951 quam
460 868 512 932 die
534 867 694 933 dominica
714 867 919 945 custodimus,
942 866 976 931 in
991 884 1053 950 qua
1067 864 1200 931 maiores

80 974 175 1039 nostri
198 991 254 1038 nce
275 972 427 1037 ieiunium
455 970 611 1055 agendum
634 988 691 1035 nec
713 990 794 1054 geuu
822 970 1007 1035 flectendum
1038 969 1077 1034 ob
1110 986 1199 1033 reue·

62 1079 210 1145 erentiam
232 1074 467 1141 resurrectionis
494 1073 665 1139 dominicae
687 1074 893 1139 tradiderunt.

118 1180 203 1244 XXI.
228 1196 430 1245 annuanvsz
454 1177 604 1243 Potestne
627 1178 706 1243 baec
728 1194 799 1243 cero
822 1176 957 1242 insolitis
979 1174 1199 1242 blandimentis

80 1286 143 1347 tam
163 1284 275 1366 longae
296 1280 485 1347 festiditatis
508 1281 625 1346 inlecta
646 1299 707 1345 non
738 1279 856 1363 aliquid
883 1280 1062 1345 sentuosum
1085 1276 1122 1342 de
1144 1276 1198 1341 illo

80 1388 220 1468 quamuis
247 1385 369 1449 absciso
396 1383 548 1448 uitiomm
577 1382 688 1447 fomite
710 1384 894 1467 germinare,
922 1382 978 1447 aut
999 1399 1087 1445 mens
1109 1396 1197 1461 prae·

79 1489 209 1572 sumptis
224 1490 309 1554 ultra
324 1488 581 1553 consuetudinem
597 1486 728 1570 dapibus
744 1490 872 1551 onerate
886 1503 947 1551 non
960 1503 1035 1568 erga
1045 1483 1199 1549 famulum

50 1610 185 1676 ooorpus
221 1593 354 1674 rigorem
389 1588 609 1655 dominationis
642 1589 810 1666 inflectere,
843 1588 1028 1671 praesertim
1061 1604 1132 1651 eum
1165 1584 1198 1648 in

78 1694 164 1760 nobis
185 1696 316 1760 uiridior
338 1695 425 1759 aetas
441 1692 504 1758 eito
520 1696 560 1758 ad
574 1692 775 1759 rebellionem
801 1692 928 1757 subdita
943 1690 1086 1755 membra
1100 1686 1199 1772 possit

77 1799 255 1881 conpellere,
278 1798 306 1862 si
329 1796 381 1861 uel
403 1814 487 1862 escae
510 1796 618 1861 solitas
644 1796 855 1861 abundantius
878 1794 930 1860 uel
952 1794 1035 1857 certe
1057 1790 1198 1857 insolitas

77 1902 217 1967 licentius
238 1902 494 1982 praesumemus?

116 2004 219 2069 XXII.
242 2020 415 2068 mouns:
444 2002 478 2068 si
500 2002 681 2070 rationabili
705 2002 822 2067 mentis
845 2001 993 2066 uniuerso
1015 2016 1093 2083 quac
1115 1995 1199 2080 geri·

48 2126 143 2181 emus
173 2107 384 2191 sdpendamus
415 2105 554 2171 examine
585 2108 618 2171 et
649 2107 688 2170 dc
717 2107 856 2189 puritate
886 2105 984 2171 cordis
1015 2102 1113 2166 nostri
1137 2116 1197 2165 nen

77 2210 208 2275 aliorum
229 2211 353 2287 iudicia,
376 2209 430 2274 sed
453 2212 592 2274 nostram
613 2228 734 2292 semper
751 2208 970 2273 conscientiam
989 2204 1196 2278 consulamus,

77 2315 191 2377 eertum
216 2315 265 2377 est
287 2313 383 2377 istam
404 2311 584 2377 refectionis
606 2312 874 2395 intercapedinem
890 2310 991 2375 iustee
1009 2305 1197 2372 districtioni

77 2417 179 2483 obesse
202 2437 266 2482 non
286 2434 388 2498 posse,
412 2414 440 2480 si
463 2416 554 2480 modo
580 2418 617 2479 ut
638 2415 760 2480 dietum
775 2418 823 2478 est
838 2430 967 2495 aequam
982 2408 1197 2493 indulgentiae

77 2521 346 2604 continentiaeque
379 2537 558 2585 mensnram
590 2518 660 2602 pari
689 2518 778 2582 lance
808 2520 997 2602 perpendens
1031 2517 1196 2592 utramque

46 2625 222 2694 assimiliter
242 2625 439 2689 nimietatem
461 2641 550 2688 mena
572 2621 752 2706 incorrupta
774 2623 915 2706 castiget,
936 2623 967 2686 et
982 2619 1089 2684 uuum
1104 2614 1198 2698 spiri·

75 2729 140 2792 tum
168 2730 313 2792 nestrum
344 2725 528 2790 deliciarum
559 2725 713 2808 deprimet
743 2723 874 2806 pondus,
907 2741 947 2788 en
968 2739 1042 2787 uero
1065 2721 1196 2785 alteram

74 2829 131 2896 hee
151 2835 202 2895 est
223 2831 358 2912 eorporis
379 2830 503 2910 partem
525 2829 624 2892 maior
647 2827 858 2893 abstinentiae
873 2827 1004 2892 inclinet
1018 2821 1195 2900 austeritas,

74 2952 145 2999 uera
165 2933 352 2998 discretione
368 2932 553 3014 distinguat,
576 2931 665 2995 illam
681 2930 733 2994 uel
747 2929 946 3012 conprimens
960 2928 1012 2992 uel
1028 2926 1196 2991 subleuans

73 3037 257 3116 portionem,
279 3055 374 3118 quem
395 3036 448 3100 nel
469 3035 578 3100 extolli
606 3035 742 3100 senserit
764 3034 814 3100 uel
837 3032 973 3119 grauem.
1010 3030 1090 3096 nibil
1112 3027 1226 3104 enim2

45 3139 217 3209 edominus
240 3141 345 3202 noster
367 3138 408 3202 ad
429 3138 552 3202 cultum
575 3139 668 3220 atque
690 3139 839 3203 bonorem
852 3157 943 3202 suum
960 3138 1075 3216 absque
1090 3131 1196 3198 iudicii

73 3243 284 3308 moderatione
299 3241 371 3306 uult
385 3239 461 3319 fieri,
477 3243 550 3324 quia
564 3241 685 3307 honor
707 3245 814 3326 regis
838 3240 1029 3307 iudicium
1045 3234 1195 3320 diligit.

73 3349 103 3408 ct
133 3345 251 3410 idcirco
283 3343 535 3427 sapientissimus
570 3343 727 3421 Salomon,
762 3345 798 3409 ut
831 3345 863 3408 iu
898 3343 1041 3408 neutram
1074 3342 1196 3422 partem

169 3489 363 3554 ffihffid

120 3619 268 3674 linflcmo
285 3619 390 3676 13¹1o¹o
481 3620 561 3674 uelud
578 3620 606 3674 Β
697 3620 781 3688 penit.
800 3618 856 3674 ΒΟ
881 3618 1015 3686 poenitd
1109 3614 1196 3669 seol-

70 3704 167 3774 lempn.
184 3706 214 3760 Β
310 3706 416 3776 dgenu
429 3704 525 3773 lienus
547 3705 580 3774 0)
598 3720 655 3760 eaeo
676 3704 743 3774 Οβυ
839 3703 1013 3759 flectendaO
1114 3699 1195 3756 Seb-

70 3789 149 3844 scisee
170 3790 233 3846 K¹c
336 3792 475 3861 loquum
499 3792 523 3847 0
624 3791 657 3845 11
679 3791 735 3844 cita
754 3791 782 3845 Β
801 3805 871 3846 eorr-
974 3789 1060 3859 possit
1077 3787 1196 3842 membre

74 3874 139 3944 Ode
241 3875 275 3930 12
298 3877 341 3930 nel
359 3879 461 3932 incerte
484 3878 523 3932 Βι
625 3875 660 3930 14
675 3877 802 3930 uniuersa
819 3892 886 3946 qnae
904 3875 1023 3945 gerimus
1040 3870 1194 3928 rationabili

70 3963 166 4016 mentis
193 3961 261 4033 Ode
370 3963 404 4018 16
425 3962 527 4018 iudicia
548 3964 661 4031 scripum
690 3961 792 4018 indicia
814 3963 872 4018 BF
904 3962 1033 4016 iudicium
1061 3959 1127 4029 Ode

70 4049 236 4103 consolamur
262 4048 338 4103 ΒῑΖι
442 4050 474 4103 17
501 4049 720 4118 intercapidinem
746 4049 787 4104 K'
890 4047 1058 4104 destrictieni
1076 4045 1114 4100 Ρ
1142 4044 1195 4098 dis-

70 4133 224 4190 cretioniO
251 4133 421 4188 districtmm
438 4133 466 4204 d¹
571 4135 607 4189 21
623 4134 810 4203 dilitiarumd
912 4134 1027 4188 alterum
1045 4131 1128 4188 ΒΒΟ

69 4217 103 4271 22
123 4222 200 4287 purte
219 4220 248 4274 Β
349 4220 386 4276 25
401 4220 502 4290 noster]
521 4235 574 4274 uon
592 4219 656 4287 BF,
674 4227 765 4276 mices
782 4238 818 4278 ee
834 4220 1023 4292 emmennone
1039 4219 1195 4289 conpendio

70 4309 259 4390 iprcnoster
345 4325 486 4394 adqueK¹
570 4322 814 4395 temnens
895 4326 930 4380 21
948 4324 1067 4381 mon
1085 4323 1126 4377 K¹

69 4407 98 4460 in
115 4425 166 4463 om.
183 4410 211 4464 Β

1052 4517 1109 4574 W
