3009 5200
495 403 657 461 conlatio
677 405 751 470 XXI,
771 404 878 461 14-16.
1189 412 1250 477 691

125 597 208 681 poris
239 596 415 679 exceptione
442 595 629 677 perpetuum
662 594 777 660 bonum
807 601 864 673 est,
898 598 1059 679 peruenire
1085 600 1249 678 possimus.

125 701 329 785 nequeenim
351 700 532 779 medicinae,
564 698 746 765 aurificinae
770 700 821 764 uel
843 700 1016 765 ceterarum
1039 718 1115 782 quac
1138 700 1172 765 in
1193 701 1252 767 hoc

124 806 241 872 mundo
269 808 342 871 sunt
369 804 485 867 artium
515 801 699 884 disciplinae
725 804 851 886 propter
877 802 1089 869 instrumente
1111 822 1190 887 quae
1212 806 1251 877 ad
1361 848 1366 865 .

124 910 192 975 eius
214 926 291 991 opus
305 908 461 989 pertinent
476 908 657 973 exercentur
677 910 708 971 et
722 925 784 971 non
800 906 903 988 potius
919 907 1109 975 ferramenta
1124 912 1250 991 propter

101 1012 205 1082 sartis
233 1012 414 1077 exercitium
441 1012 673 1094 praeparantur.
709 1029 787 1093 quus
816 1014 897 1076 sicut
918 1011 1012 1076 utilia
1034 1014 1108 1076 sunt
1130 1014 1280 1095 peritis‚2

123 1119 170 1182 ita
190 1114 346 1197 superflua
368 1115 417 1179 his
438 1115 491 1197 qui
514 1115 591 1179 artis
607 1115 707 1197 ipsius
721 1114 864 1181 nesciunt
881 1114 1088 1197 disciplinam,
1122 1119 1153 1181 et
1168 1117 1250 1181 sicut

124 1220 185 1294 his,
208 1220 262 1302 qui
285 1220 323 1282 ad
339 1217 536 1283 efficiendum
552 1236 627 1301 opus
645 1236 737 1283 suum
753 1235 859 1282 eorum
876 1218 1048 1283 ministerio
1064 1218 1248 1293 fulciuntur,

122 1323 294 1404 plurimum
316 1324 455 1404 prosunt,
478 1321 525 1386 ita
545 1321 623 1399 illis,
645 1322 699 1403 qui
721 1319 809 1385 cuius
826 1322 871 1386 rei
892 1324 994 1405 gratie
1015 1320 1162 1387 instituta
1184 1321 1249 1386 siut

123 1426 302 1508 ignorantes
324 1426 390 1490 sols
413 1443 519 1489 eorum
541 1424 732 1506 possessione
761 1425 898 1489 contenti
920 1426 1002 1507 sunt,
1019 1426 1141 1507 penitus
1156 1427 1249 1507 prod·

89 1549 190 1601 soesse
212 1548 273 1593 non
294 1533 435 1613 possunt,
462 1530 536 1610 qnia
556 1528 705 1593 utilitatis
727 1546 801 1593 suso
824 1546 981 1593 summam
996 1532 1027 1593 iu
1043 1528 1266 1603 retentatione

124 1651 232 1697 eorum
268 1633 403 1710 tantum,
440 1650 503 1696 uon
535 1633 570 1696 in
593 1632 705 1713 operis
742 1632 1006 1697 consummatione
1042 1632 1247 1697 constituunt.

122 1736 202 1801 illud
230 1754 302 1819 ergo
330 1736 379 1800 est
406 1736 560 1816 optimum
591 1733 817 1818 principaliter,
839 1735 965 1817 propter
988 1734 1068 1817 quod
1094 1734 1174 1799 fiunt
1194 1735 1250 1801 illa

123 1860 202 1922 quae
223 1840 329 1904 media
350 1842 433 1917 sunt,
455 1839 559 1921 ipsum
581 1857 654 1904 uero
676 1838 876 1921 praecipuum
893 1840 1007 1903 bonum
1023 1856 1083 1903 non
1099 1840 1138 1902 ob
1152 1838 1250 1904 aliam

123 1961 261 2026 causam,
284 1942 339 2008 sod
360 1944 485 2025 propter
508 1961 597 2007 susm
619 1944 746 2006 tautum
768 1940 873 2025 egitur
895 1939 1079 2007 bonitatem.

88 2094 113 2135 ss
166 2062 250 2127 XVI.
274 2062 363 2143 Quod
384 2063 510 2145 quidem
532 2082 552 2127 a
572 2063 694 2144 ceteris,
723 2080 800 2144 quas
823 2063 924 2133 media
946 2080 1013 2127 esse
1028 2040 1247 2145 praediximus,

122 2168 173 2233 his
201 2168 372 2231 secernitur
399 2168 516 2232 modis:
545 2166 572 2231 si
600 2184 655 2249 per
683 2184 716 2229 ss
746 2164 863 2231 bonum
885 2167 927 2231 sit
950 2168 982 2231 et
1005 2184 1064 2231 non
1087 2183 1141 2247 per
1162 2167 1248 2233 uliud

121 2272 257 2353 aliquid:
287 2273 313 2335 si
342 2274 468 2352 propter
495 2289 528 2334 se
549 2272 759 2335 necessarium
788 2269 830 2333 sit
859 2271 890 2333 et
918 2286 979 2333 non
1001 2270 1126 2352 propter
1146 2269 1247 2335 aliud:

121 2374 150 2439 si
186 2374 418 2438 inmutabilitor
455 2392 637 2457 semperque
672 2374 717 2438 sit
751 2373 867 2438 bonum
905 2392 941 2439 ac
978 2380 1122 2456 perpetuo
1158 2394 1249 2440 suam

121 2479 258 2543 retinens
290 2478 476 2561 qualitatem
497 2495 669 2560 numquam
697 2480 793 2560 possit
815 2477 849 2541 in
871 2477 992 2559 partem
1017 2478 1151 2542 transire
1174 2496 1246 2543 con·

85 2584 268 2652 cetrarium:
292 2583 319 2648 si
341 2582 499 2664 ademptio
522 2580 574 2646 uel
595 2580 725 2646 cessatio
740 2581 807 2645 eius
823 2598 883 2646 non
899 2581 998 2663 possit
1013 2598 1076 2646 nos
1091 2600 1247 2648 summum

119 2687 236 2752 inferre
268 2687 453 2768 perniciem:
486 2687 514 2750 si
547 2685 580 2750 id
602 2684 684 2768 quod
715 2685 765 2750 illi
798 2685 987 2750 contrarium
1021 2689 1069 2750 est
1101 2686 1248 2752 similiter

120 2790 295 2873 principale
322 2793 363 2856 sit
391 2790 510 2854 malum
539 2808 594 2854 nec
616 2790 650 2854 in
671 2793 794 2872 partem
824 2791 936 2854 bonum
960 2790 1059 2871 possit
1079 2789 1246 2873 aliquando

120 2895 268 2960 transire.
322 2913 402 2976 quae
439 2894 644 2970 definitiones,
688 2892 802 2977 quibus
839 2893 1059 2976 principalium
1095 2890 1277 2958 bonorum2

121 3003 236 3064 natura
278 2997 475 3077 discemitnr,
512 2997 647 3063 edscribi
683 2995 809 3062 ieiuniis
846 2997 970 3061 omnino
1008 3015 1068 3062 non
1106 3000 1246 3079 possunt.

85 3119 222 3184 seneque
253 3105 336 3166 enim
369 3119 405 3167 ex
433 3101 633 3183 semetipsis
666 3100 749 3166 bona
775 3102 832 3166 aut
858 3105 983 3184 proptor
1013 3119 1046 3166 se
1074 3101 1248 3167 necessaria

121 3205 206 3282 sunt,
233 3207 307 3286 quia
332 3209 457 3288 propter
485 3204 709 3287 adquirendam
741 3206 840 3271 cordis
864 3207 896 3270 et
918 3207 1054 3288 corporis
1076 3205 1248 3288 puritatem

121 3308 290 3374 salubriter
312 3313 499 3384 exercentur,
523 3311 559 3373 ut
581 3308 699 3374 aculeis
726 3309 828 3374 carnis
852 3307 994 3376 obtunsis
1015 3325 1103 3374 mons
1117 3306 1248 3392 pacifice

121 3427 177 3475 suc
209 3412 423 3477 reconcilietur
457 3412 586 3490 auctori,
619 3431 676 3476 nec
709 3403 939 3492 inmutabilitor
966 3430 1146 3496 semperque
1174 3411 1248 3475 sunt

176 3735 353 3802 lporsumus
375 3734 418 3790 K¹
521 3736 700 3806 ddisciplina
716 3735 755 3804 do
856 3734 957 3804 tepus
975 3735 1033 3789 eius
1049 3735 1087 3804 do
1189 3749 1247 3788 ere-

122 3820 249 3890 rcturd¹
279 3825 414 3875 exercetur
438 3823 517 3892 0d²o
624 3821 829 3890 texorcitlum]
853 3821 943 3874 studio
966 3819 1008 3873 Κι
1037 3819 1158 3876 stadium
1182 3819 1248 3874 ΟΚ1

124 3907 172 3962 Za
255 3906 472 3977 pmelerouturd
557 3907 820 3976 'lpertioicudumO
909 3905 1023 3960 8huius
1042 3906 1082 3960 Β1
1168 3905 1247 3958 insti-

121 3995 185 4047 tuta
196 3994 295 4063 curtii
385 3994 555 4064 iprodeesse
572 3996 603 4050 F
696 3995 727 4048 ll
741 3999 806 4063 poet
817 3994 1031 4048 constituuntur
1044 3993 1124 4048 BFO
1141 4007 1201 4060 cup.
1214 3995 1247 4046 16

120 4080 229 4148 incipit,
247 4080 296 4135 aad
311 4097 456 4136 numnam
473 4099 523 4137 om.
542 4082 569 4136 Β
672 4080 860 4135 lacturnum
886 4079 936 4136 ΟΖ
1037 4080 1070 4134 14
1087 4078 1245 4146 bonitatem]

122 4166 460 4237 medicamentum
544 4169 578 4223 16
590 4169 674 4223 alium
687 4167 762 4233 KZ¹,
780 4168 845 4222 deor
856 4165 936 4231 iofro
1023 4165 1055 4218 17
1073 4163 1250 4220 seom.B¹F

123 4253 159 4306 Ζ1
262 4251 297 4306 26
318 4252 383 4321 quis
400 4254 511 4321 scripsi:
541 4270 595 4322 qua
617 4254 676 4308 BF
701 4269 768 4322 quae
789 4252 855 4321 Ode
956 4250 989 4304 tl
1012 4250 1126 4304 aeculsis
1150 4250 1177 4304 Β

123 4337 226 4393 obtusis
243 4337 282 4392 F·
384 4354 457 4392 mons
476 4355 526 4394 om.
543 4337 574 4392 F
