3009 5200
441 434 601 490 Conlatio
623 434 719 500 vnn,
741 435 849 490 19-21.
1143 437 1206 503 269

85 632 163 711 ipsos
186 645 254 691 ease
275 644 330 710 pro
351 626 448 692 uobis.
486 626 537 692 uel
559 630 641 691 oerto
663 626 771 691 taliter
802 624 1031 707 eooipieudum:
1059 623 1236 688 uoluntas?

87 730 133 796 dei
154 731 240 796 salus
262 732 403 795 omnium
425 731 471 795 ost
493 730 662 795 seeundum
684 729 770 793 illam
794 728 878 793 beati
894 728 985 793 Pauli
1000 725 1204 791 senteutiam:

7 839 8 930 l
86 834 146 917 qui
177 851 309 898 omues
339 832 514 897 homines
547 832 638 897 uult
660 831 795 897 saluos
818 830 910 896 fieri
933 831 971 895 at
992 833 1036 896 ad
1059 828 1203 913 agniti-

7 935 8 952 *
86 956 191 1002 ouem
225 936 417 1001 ueritatis
445 935 591 1000 uenire.
628 935 666 999 de
694 953 755 1017 qua
785 934 881 999 etiam
908 932 1071 998 uoluntate
1093 930 1202 997 Esaias

6 1085 7 1122 p
67 1040 233 1122 sproplreta
253 1058 290 1105 ex
310 1056 439 1122 persona
460 1038 509 1103 olei
531 1039 630 1122 patrie
652 1040 692 1103 et
712 1038 856 1121 omnia,
880 1036 990 1119 iuquit,
1015 1036 1203 1101 noluntas

6 1145 7 1156 ’
85 1158 164 1207 mea
192 1142 277 1207 fiet
315 1142 452 1207 dieentes
486 1158 559 1225 orgo
588 1139 1203 1207 eifiatuoluntastuaeioutiu

6 1305 7 1326 p
86 1245 194 1311 eaelo
225 1247 262 1309 et
290 1244 330 1309 in
359 1248 469 1309 terra
497 1245 554 1310 boo
582 1264 653 1309 eum
683 1245 753 1311 aliis
777 1262 901 1309 oramus
924 1242 1037 1320 uerbis,
1060 1244 1096 1307 ut
1118 1242 1203 1307 siout

5 1329 6 1340 ¹
84 1349 114 1413 hi
142 1349 198 1431 qui
228 1348 262 1412 in
295 1348 382 1412 eaelo
403 1351 486 1423 snut,
508 1346 556 1412 ita
577 1366 681 1413 omnes
703 1348 756 1429 qui
779 1350 812 1412 in
834 1352 917 1412 terra
939 1346 1115 1412 oonsistuut
1137 1349 1201 1423 tua,

84 1456 177 1534 pater,
201 1450 362 1533 agnitione
385 1452 556 1515 saluentur.

59 1598 77 1635 0
121 1570 211 1637 XXI.
235 1571 355 1636 Deinde
375 1589 514 1654 panem
544 1578 720 1637 nostrum
743 1564 911 1637 ἐπιούσιον
932 1572 965 1637 id
996 1574 1044 1635 est
1073 1588 1202 1652 super-

83 1674 394 1740 substantialem
422 1675 467 1739 da
495 1674 608 1740 uobis
638 1674 766 1749 hodie,
798 1674 878 1757 qnod
908 1674 987 1739 aliua
1009 1672 1202 1756 euangelista

84 1779 323 1843 cotidianum
362 1778 451 1843 dixit
494 1778 572 1843 illud
620 1776 795 1843 nobilitatis
833 1796 869 1842 ae
905 1777 1099 1842 substantiae
1136 1775 1201 1839 eius

82 1880 235 1965 signifieat
268 1879 464 1963 qualitatem,
499 1900 560 1963 qua
593 1880 714 1945 seilicet
746 1900 839 1963 super
872 1898 977 1946 omues
1011 1879 1201 1944 substautias

83 1983 121 2048 sit
149 1989 246 2065 atque
277 2002 383 2048 omnes
414 1985 570 2048 creaturas
599 1984 780 2049 sublimitas
806 1982 1054 2067 magnificentiae
1078 1982 1144 2047 eius
1167 2000 1202 2047 ao

56 2086 332 2154 resanatilieationis
368 2088 504 2164 eroedat,
539 2088 596 2152 hoe
628 2104 701 2152 uero
738 2086 961 2171 proprietatem
999 2105 1072 2151 usus
1105 2085 1202 2168 ipsius

2 2249 3 2272 ἶ
83 2192 171 2273 atque
210 2190 360 2254 utilitatis
396 2191 558 2272 expressit.
603 2208 677 2255 nam
714 2208 786 2255 oum
824 2190 901 2256 dioit
938 2190 1200 2270 cotidianum,

83 2292 216 2358 ostendit
249 2294 331 2374 quod
364 2294 430 2358 sino
462 2295 528 2375 ipso
561 2294 649 2359 nullo
679 2295 728 2359 die
759 2294 933 2378 spiritalem
963 2296 1060 2359 uitam
1092 2311 1201 2376 uapore

82 2396 250 2461 ualeamus.
282 2414 352 2460 oum
374 2397 452 2461 dioit
472 2396 601 2473 bodie,
626 2398 761 2463 ostendit
778 2415 849 2462 eum
866 2397 979 2461 cotidie
995 2416 1060 2462 esee
1076 2396 1234 2461 sumen-2

83 2500 152 2563 tum
174 2501 208 2563 et
229 2498 407 2565 heetemam
428 2500 652 2582 praebitionem
682 2504 748 2566 eius
772 2518 833 2565 uou
856 2500 1006 2579 sufficere,
1029 2500 1090 2564 uisi
1113 2498 1201 2564 uobis

56 2601 169 2668 ebodio
192 2621 316 2684 quoquo
337 2603 484 2668 similiter
497 2603 593 2669 fuerit
612 2603 798 2671 adtributus.
833 2607 976 2688 omnique
991 2623 1045 2668 nos
1061 2607 1202 2685 tempore

83 2705 158 2770 bauo
184 2707 358 2771 orationem
387 2706 497 2771 debere
526 2707 712 2790 profundere
740 2707 914 2792 indigentia
949 2711 1013 2772 eius
1046 2707 1202 2772 cotidiana

83 2812 276 2888 conmoneat,
307 2811 379 2891 quia
406 2828 469 2875 uon
498 2813 545 2875 est
574 2811 640 2877 dies
669 2831 729 2894 quo
750 2829 811 2876 nou
834 2829 909 2892 opus
932 2811 974 2875 sit
996 2810 1085 2876 uobis
1108 2809 1200 2874 buius

82 2931 132 2975 esu
161 2929 200 2976 ao
229 2913 423 2995 perceptione
452 2931 504 2979 eor
532 2913 689 2980 interioris
720 2916 817 2980 nostri
849 2916 983 2980 bominis
1008 2913 1200 2997 confirmare,

80 3015 153 3079 licet
172 3016 259 3080 istud
282 3017 364 3098 quod
386 3016 499 3082 dieitur
520 3017 640 3083 hodie
662 3021 694 3082 et
716 3018 755 3083 ad
777 3022 971 3100 praesentem
986 3019 1086 3083 uitam
1102 3017 1200 3100 possit

53 3117 231 3201 entellum,
267 3119 300 3182 id
329 3121 392 3185 est:
421 3120 496 3185 dum
524 3121 555 3184 iu
586 3122 642 3185 boo
669 3121 790 3185 saeculo
819 3137 1042 3200 ooumoremur,
1077 3121 1201 3204 praesta

80 3221 165 3286 uobis
192 3221 276 3286 huno
305 3241 425 3304 panem.
463 3223 607 3288 nouimus
637 3223 721 3287 euim
744 3242 816 3287 eum
838 3223 887 3288 his
911 3226 964 3306 qui
987 3225 1158 3288 meruerint
1182 3241 1201 3288 a

179 3417 370 3486 atrimae
436 3419 635 3484 banasam
703 3419 875 3484 sonatan
949 3419 1132 3484 lebrella

129 3597 249 3652 lnubis
270 3600 305 3654 1⁷¹
408 3601 487 3654 aliter
511 3601 593 3657 OPX
694 3601 876 3671 accipiendum
888 3637 1031 3654 .........
1041 3615 1101 3668 cop.
1119 3602 1202 3664 34‚2

79 3683 159 3737 babes
180 3685 209 3737 iu
234 3687 445 3755 elemosynarum
468 3687 620 3742 0000010
641 3687 685 3752 W,
714 3704 770 3741 ono
788 3688 972 3756 quaternione
990 3685 1132 3754 deperdito

78 3769 95 3822 3
126 3771 213 3824 omnia
240 3772 264 3825 V
363 3773 494 3842 lesayas
519 3773 542 3828 0
642 3775 658 3828 5
683 3774 750 3842 prol.
778 3773 831 3828 VD
933 3773 1028 3841 inquid
1056 3772 1135 3828 VOP

77 3857 151 3909 ahii
170 3857 255 3912 ΟΡΧι
359 3859 391 3912 10
418 3875 578 3924 enuroyonou
600 3859 657 3914 DO
685 3875 836 3928 errroyororu
861 3860 903 3912 X:
931 3874 980 3914 orn.
1009 3860 1036 3913 P
1137 3858 1199 3912 sub·

77 3942 230 3996 mtialem
260 3944 283 3999 0
386 3944 419 3998 12
444 3946 536 4000 oottid.
562 3944 604 3999 D¹
707 3947 740 4000 13
758 3945 821 4014 quia
838 3945 867 3999 D
969 3945 1075 3998 soileoet
1097 3943 1132 3998 Ψ

77 4030 110 4083 14
126 4028 213 4096 adque
233 4029 286 4083 VP
387 4031 419 4083 15
437 4031 604 4086 excludatO
694 4032 727 4085 16
745 4032 830 4100 adque
852 4030 904 4086 VP
987 4031 1108 4086 utilitate
1126 4033 1151 4098 (ὅ
1168 4034 1201 4088 or

76 4129 131 4167 rue.
149 4131 183 4167 m.
201 4117 232 4181 2)
254 4115 284 4170 D
371 4116 463 4170 cottid.
487 4116 528 4169 D¹
615 4118 646 4170 17
669 4119 745 4171 nullu
768 4117 801 4171 V¹
888 4117 963 4171 nullo
987 4116 1039 4186 die]
1061 4123 1200 4188 nequaqui

76 4201 174 4253 ieros.
194 4203 260 4253 m.2
276 4199 306 4256 D
397 4202 579 4258 uictimamO
607 4203 679 4256 mam
697 4204 728 4256 X
814 4219 919 4274 carpere
938 4203 990 4260 ΟΧ
1084 4205 1116 4258 18
1135 4207 1199 4258 0011.

77 4285 115 4337 D¹
201 4286 232 4340 21
252 4283 486 4356 etindigeutiaO
572 4288 712 4342 00111011]
798 4289 831 4342 22
850 4289 973 4359 opuasit]
989 4291 1074 4358 possit
1091 4290 1131 4344 D¹

76 4369 109 4425 25
126 4385 362 4425 commemoramur
378 4371 419 4425 D¹
521 4373 556 4426 26
572 4379 726 4428 meruerunt
745 4374 769 4430 0
