3009 5200
490 450 653 508 conlatio
677 450 699 516 1,
717 451 813 506 8-10.
1174 452 1215 518 li

79 641 192 718 ralis,
227 640 383 724 inquiens,
416 639 663 706 exereitetio
693 639 739 705 ed
768 639 963 706 modioum
990 639 1111 706 utilis
1133 640 1213 706 est:

79 745 205 826 pietas
223 748 355 811 antem
373 749 466 827 (quea
482 745 549 810 eine
561 743 656 809 dubio
668 745 784 810 earims
795 743 1004 828 intellegitur)
1020 743 1066 809 ad
1083 743 1215 810 omnia

80 846 194 912 utilis
233 849 314 928 est,
346 846 650 928 promissionem
679 847 825 912 habens
854 847 965 912 uitae
987 864 1086 930 quoe
1110 865 1215 912 nuno

82 951 202 1015 estet
227 952 406 1017 loturae.
444 967 522 1032 qnae
555 967 626 1032 ergo
649 948 767 1014 dieitur
788 950 827 1016 ad
848 950 1004 1015 modinum
1027 968 1094 1016 esso
1116 951 1213 1024 utilis,

64 1053 249 1120 snamfeste
283 1055 506 1138 pronuntiatur
539 1069 595 1118 neo
628 1070 801 1136 peremne
833 1055 958 1136 tempus
993 1053 1127 1118 exeroeri
1158 1071 1215 1118 neo

82 1176 237 1222 summam
269 1157 470 1240 perfeetionis
498 1175 551 1240 per
581 1175 614 1222 ss
641 1154 742 1222 solam
770 1155 925 1222 laboranti
954 1175 1043 1240 posse
1065 1155 1214 1223 conferre.

81 1260 239 1326 modinum
258 1249 387 1344 vqnippe
416 1263 456 1326 ad
485 1262 652 1343 utrumque
682 1259 792 1326 referri
821 1262 934 1343 potest,
964 1259 998 1326 id
1026 1264 1072 1325 est
1100 1261 1151 1324 nel
1174 1261 1245 1326 edii

82 1365 270 1428 breuitatem
300 1363 459 1446 temporis,
489 1365 568 1446 quod
597 1363 719 1428 soilioet
746 1362 866 1428 homini
895 1365 961 1428 tam
993 1363 1027 1428 in
1057 1363 1215 1445 praesenti

83 1485 169 1549 quem
195 1466 233 1531 in
257 1465 366 1532 futuro
388 1465 566 1532 exercitatio
587 1466 756 1550 corporalis
772 1469 933 1532 coaeterna
947 1483 1013 1532 esse
1028 1485 1089 1532 non
1105 1466 1214 1549 possit,

58 1571 128 1637 rouel
150 1573 243 1636 uerte
259 1569 299 1634 ad
323 1569 513 1653 paruitatem
540 1569 690 1635 utilitatis
713 1587 791 1652 quae
806 1568 842 1634 de
861 1569 980 1636 carnali
995 1569 1215 1636 exercitatione

82 1673 288 1756 conquiritur,
318 1689 352 1737 eo
382 1671 464 1756 qnod
491 1672 629 1738 adflictio
659 1672 827 1754 oorporalis
855 1672 947 1738 initia
970 1673 1120 1756 quaedam
1143 1692 1215 1757 pro-

83 1779 190 1853 tentus,
217 1795 283 1842 non
304 1776 405 1858 ipsam
428 1774 651 1858 perfectionem
672 1775 779 1858 pariat
793 1774 944 1856 raritatis,
961 1795 1039 1858 quae
1054 1776 1214 1860 promissi-

82 1901 168 1946 onem
207 1881 305 1946 habet
332 1881 418 1944 uitae
446 1879 617 1961 praesentis
646 1877 679 1944 et
706 1879 841 1945 futurae.
879 1881 911 1943 et
935 1878 1047 1944 idcireo
1070 1879 1216 1944 exercitia

82 2003 209 2066 opernm
238 1982 472 2064 praedictorum
495 1980 667 2048 neeessarie
692 2000 760 2046 esse
777 2000 952 2062 eensemus,
968 1983 1041 2063 quia
1055 1983 1123 2046 sine
1137 1981 1214 2065 ipsis

57 2086 116 2150 ead
138 2085 293 2150 raritatis
315 2083 441 2168 fastigia
455 2102 517 2150 non
531 2086 632 2168 possit
655 2084 791 2150 aseendi,
813 2084 890 2150 haee
906 2085 1002 2150 etiam
1017 2103 1095 2168 quae
1111 2079 1247 2150 dioitis4

82 2208 171 2272 opera
195 2187 331 2271 pietatis
354 2205 391 2252 aa
413 2187 639 2253 misericordiae
663 2187 836 2254 neeessaria
857 2187 978 2252 suntin
993 2187 1051 2252 hoo
1066 2191 1215 2271 tempore,

83 2297 152 2358 dnm
185 2291 294 2356 adhue
326 2289 498 2373 inaequalis
527 2290 693 2357 diuersitas
724 2289 919 2356 dominatur:
949 2307 1079 2372 quornm
1101 2308 1141 2354 ne
1162 2289 1216 2355 hio

85 2395 208 2476 quidem
233 2393 451 2476 expeotaretur
473 2393 619 2476 operatio,
636 2392 697 2457 nisi
713 2393 852 2476 inopum,
867 2390 1064 2476 indigentum
1077 2392 1216 2459 infirmo·

84 2516 212 2579 rumque
229 2513 304 2580 pars
319 2495 457 2562 maxima
470 2495 665 2576 redundaret,
681 2513 759 2578 quae
773 2493 939 2578 iniquitate
955 2493 1115 2560 hominum
1132 2496 1217 2562 laeta

58 2604 136 2677 eost,
159 2619 273 2665 eorum
296 2598 429 2677 soilioet,
452 2600 505 2681 qui
528 2616 664 2681 eaquae
691 2600 835 2663 omnibus
857 2617 877 2662 a
898 2600 1053 2664 oommuni
1076 2602 1215 2665 oreatore

86 2720 232 2767 oonoesea
256 2705 331 2767 sunt
354 2701 387 2766 in
411 2720 482 2767 snos
505 2700 631 2767 tentum
659 2706 807 2784 oooupata
820 2720 895 2766 usus
910 2720 966 2765 neo
980 2705 1085 2766 tamen
1100 2702 1217 2768 utenda

86 2808 268 2871 tennerunt.
307 2804 404 2869 donee
419 2822 490 2889 ergo
513 2805 547 2869 in
569 2804 627 2869 hoo
648 2806 763 2869 mundo
789 2804 999 2886 inaequalitas
1015 2804 1077 2869 ista
1090 2802 1247 2889 grassa-5

86 2921 143 2983 tnr,
173 2910 237 2973 erit
266 2906 344 2973 haeo
372 2907 455 2972 aetio
483 2907 655 2972 necessaria
682 2909 714 2971 et
743 2905 833 2972 utilis
860 2908 1024 2987 ereroenti,
1047 2908 1216 2973 restituens

87 3010 210 3091 quidem
242 3012 323 3075 bono
351 3008 477 3075 affectui
508 3012 540 3075 et
561 3012 631 3093 piae
653 3008 812 3075 uoluntati
834 3009 1072 3075 retributionem
1093 3010 1216 3077 heredi·

59 3116 160 3179 utatis
183 3116 348 3178 aeternas:
380 3115 448 3197 ipsa
469 3132 542 3178 nero
564 3114 599 3177 in
622 3112 727 3178 futuro
750 3112 871 3179 soeoulo
893 3112 1051 3196 parilitate
1066 3116 1217 3197 regnante

89 3215 234 3293 cessabit,
260 3234 331 3280 oum
354 3216 418 3279 iam
439 3234 500 3280 non
524 3214 619 3281 fuerit
647 3214 854 3298 inaequalitas
877 3218 1115 3299 propterquam
1140 3216 1218 3282 haee

90 3319 226 3383 debeant
250 3316 399 3396 exerceri,
427 3316 482 3381 sed
504 3318 608 3382 onnoti
632 3320 671 3383 ab
692 3316 750 3383 huo
771 3306 1006 3400 multiplieiid
1030 3320 1078 3383 est
1099 3319 1217 3385 eetuali

89 3424 269 3505 operatione
291 3420 331 3487 ad
354 3420 515 3487 oaritatem
538 3420 588 3485 dei
611 3422 643 3485 et
665 3420 839 3487 diuinarum
863 3439 966 3487 rernm
982 3422 1217 3503 contemplatio·

90 3545 159 3589 nam
188 3526 346 3607 perpetua
375 3522 475 3588 sordis
505 3522 645 3606 puritate
674 3523 862 3589 transibunt.
901 3521 953 3589 oni
982 3542 1016 3588 se
1038 3523 1081 3602 hi,
1105 3523 1217 3606 quibus

62 3646 164 3693 oonra
193 3628 245 3693 est
273 3628 326 3691 nel
355 3626 503 3692 scientiae
525 3626 578 3692 uel
601 3628 814 3693 emundationi
840 3627 955 3692 mentis
977 3626 1130 3706 insistere,
1153 3626 1218 3692 ianr

92 3734 121 3795 in
148 3731 210 3795 hoo
240 3729 366 3795 saeonlo
397 3729 562 3795 constituti
593 3729 753 3814 elegerunt
783 3729 868 3796 omni
899 3732 1013 3796 oonatu
1035 3746 1072 3794 ao
1095 3729 1218 3795 uiribus

94 3834 282 3917 mancipare,
316 3832 365 3897 illi
399 3832 518 3899 seilicet
551 3836 653 3901 semet
685 3833 770 3918 ipsos
800 3834 902 3900 officio
933 3834 1034 3899 adhno
1063 3835 1097 3899 in
1126 3851 1219 3899 oerne

142 4088 259 4142 3ntiles
281 4088 329 4143 W¹
421 4086 598 4141 omanefeeoe
615 4088 655 4141 D¹
747 4089 781 4143 12
797 4090 856 4158 ipsa
878 4088 917 4142 W
1005 4090 1038 4143 17
1055 4105 1103 4143 neo
1120 4090 1152 4143 X

93 4174 123 4227 21
147 4178 287 4227 mundasse
307 4172 337 4227 D
441 4172 475 4225 22
499 4176 631 4229 crassatur
653 4174 692 4231 W
792 4173 977 4229 24201121)ι
1080 4176 1114 4231 25
1131 4179 1220 4231 seonlo

95 4294 123 4346 n
221 4294 253 4348 er
273 4266 371 4349 nerins
389 4294 421 4349 n
512 4294 664 4363 multiplice
680 4294 721 4349 n¹
825 4295 860 4349 ao
877 4294 990 4349 eronus
1006 4294 1036 4349 n
1132 4288 1223 4352 omln-

97 4379 200 4433 datione
219 4380 249 4433 D
277 4378 459 4434 emendationi
480 4380 517 4437 W
619 4380 652 4435 32
670 4380 717 4435 ille
734 4380 776 4433 Ι)ι

144 4480 222 4536 XIII.
256 4498 315 4543 cm,
329 4504 350 4543 ς,
1102 4486 1119 4539 2
