3009 5200
307 394 369 460 154
697 389 865 447 Iohsnnis
882 389 1044 446 Cassiani

308 580 456 658 siderent,
479 579 551 647 aliis
574 579 694 647 soilioet
715 582 753 647 de
779 577 896 645 uieinia
923 577 1165 645 enumerationis
1186 578 1335 661 ipsorum,
1363 576 1437 643 aliis

306 683 345 749 de
374 683 503 767 originis
533 682 766 766 propinquitate
793 680 1012 765 gloriantibus,
1043 700 1099 746 nos
1120 682 1227 749 temen
1253 682 1308 747 nel
1328 681 1439 747 nostra

306 786 358 852 nel
380 788 574 869 quorundam
596 802 658 852 uon
679 784 881 852 mediocriter
902 803 939 850 er
960 785 1019 853 heo
1045 786 1136 869 parte
1156 782 1440 853 scandalizantium

306 889 442 955 fratrum
464 888 631 955 offensione
653 889 788 971 permoti
810 886 1074 973 inquirentesque,
1101 908 1157 955 our
1179 888 1261 955 tanti
1278 887 1384 953 meriti
1399 904 1439 951 ao

305 993 470 1059 tentarnm
490 993 648 1058 uirtutum
663 990 727 1057 uiri
741 989 790 1056 ita
803 992 868 1057 sint
883 1010 902 1056 a
916 990 1103 1059 latrunoulis
1117 991 1277 1058 interieoti
1291 994 1438 1057 tantum-
1465 1010 1482 1051 s

306 1114 366 1179 qne
389 1095 534 1161 dominus
550 1112 658 1177 passus
681 1093 776 1159 fuerit
791 1113 865 1178 erga
880 1112 951 1160 snos
966 1094 1102 1161 famulos
1117 1094 1238 1161 faeinns
1252 1092 1438 1178 perpetrari,

305 1202 342 1265 ut
363 1200 448 1265 niros
471 1198 593 1265 eunetis
615 1197 776 1263 mirabiles
799 1198 832 1263 in
854 1215 965 1265 manus
980 1200 1117 1265 traderet
1138 1198 1306 1282 inpiorum,
1321 1196 1437 1263 maesti

304 1302 345 1367 ad
373 1301 517 1368 sanetum
547 1301 741 1368 Theodorum
771 1301 965 1385 singularem
992 1301 1027 1367 in
1055 1301 1288 1367 eonuersatione
1317 1298 1437 1366 aetuali

274 1404 496 1489 speraremus
518 1404 633 1471 uirum.
670 1404 722 1473 hie
744 1422 877 1489 namque
898 1404 1081 1471 morabatur
1101 1405 1136 1469 in
1152 1403 1259 1490 Collis,
1276 1404 1332 1487 qni
1345 1404 1437 1468 loons

305 1508 388 1573 inter
409 1507 548 1573 Nitriam
570 1525 608 1573 ao
629 1506 763 1574 Soitinm
778 1506 857 1574 situs
874 1510 906 1572 et
919 1524 938 1571 a
952 1506 1151 1573 monasteriis
1165 1509 1290 1592 quidem
1311 1505 1439 1572 Nitriae
1449 1531 1480 1571 ιο

305 1610 441 1694 qninqne
463 1611 591 1677 milibus
613 1611 731 1678 distans
752 1610 914 1695 ootoginta
928 1609 1053 1676 milium
1068 1610 1239 1677 solitudine
1253 1610 1292 1677 ab
1307 1610 1437 1675 heremo

305 1713 385 1780 Soiti
408 1715 442 1779 in
464 1732 525 1798 qua
547 1714 805 1782 oonmorabamnr
826 1714 1052 1780 interueniente
1074 1714 1269 1781 disoernitur.
1292 1713 1343 1779 eni
1361 1731 1437 1780 oum

304 1819 343 1883 de
370 1818 600 1900 praedictorum
628 1817 767 1882 uirorum
797 1834 872 1883 neos
900 1817 1127 1900 querimoniam
1156 1816 1353 1905 fudissemus,
1375 1816 1436 1881 sd·

303 1919 457 1987 mirantes
471 1921 596 1986 tentam
611 1918 662 1984 dei
676 1921 872 2003 patientiam,
890 1920 972 2003 qnod
988 1919 1072 1987 uiros
1087 1920 1208 1987 seilicet
1222 1920 1309 1985 illins
1325 1916 1437 1985 meriti

303 2020 411 2088 teliter
428 2022 569 2089 interimi
584 2022 787 2107 permisisset,
803 2022 850 2101 ut,
867 2025 921 2107 qni
936 2024 1013 2089 alios
1029 2042 1150 2107 qnoque
1164 2041 1238 2089 snae
1254 2021 1436 2089 sanctitatis
1448 2045 1475 2085 rs

303 2127 438 2211 pondere
467 2130 506 2194 de
534 2127 712 2195 huiusmodi
739 2127 872 2193 liberare
901 2127 1109 2210 temptatione
1139 2126 1314 2209 debuerint,
1338 2144 1377 2191 ne
1401 2144 1437 2190 so

303 2230 386 2313 ipsos
410 2230 534 2313 quidem
556 2230 786 2314 praeripuerint
808 2233 846 2297 de
861 2230 1006 2296 manibus
1020 2230 1199 2313 impiorum,
1215 2232 1272 2297 ant
1286 2248 1340 2296 our
1357 2228 1435 2293 dens

302 2332 431 2399 admitti
457 2334 491 2398 in
520 2350 625 2399 seruos
654 2352 724 2399 snos
757 2332 882 2399 tantum
915 2332 1037 2399 faoinus
1071 2333 1284 2413 eonoessisset,
1319 2332 1435 2398 beatus

303 2434 479 2501 Theodorus
504 2436 671 2520 respondit.

345 2554 387 2622 ll.
422 2556 507 2623 Haeo
540 2558 679 2642 quaestio
713 2556 839 2624 illorum
877 2556 955 2624 solet
992 2559 1111 2624 animos
1149 2576 1340 2641 permonere,
1377 2554 1473 2640 quire

301 2679 412 2744 parum
440 2660 513 2726 lidei
543 2661 594 2727 uel
621 2663 772 2728 seientiae
800 2660 994 2744 possidentes
1023 2662 1137 2727 merita
1170 2663 1350 2728 sanotornm
1379 2660 1434 2724 nel

301 2763 451 2848 praemia,
481 2783 558 2848 quae
588 2785 649 2830 non
678 2766 710 2830 in
739 2765 898 2848 praesenti
920 2765 1099 2850 redduntur,
1122 2765 1178 2831 sed
1200 2765 1335 2850 reposita
1356 2765 1434 2828 snut

301 2867 513 2948 infuturum,
544 2869 736 2934 arbitrantur
765 2870 799 2934 in
826 2868 920 2934 huius
951 2869 1133 2954 temporalis
1161 2870 1248 2935 uitae
1275 2868 1433 2933 breuitate

273 2971 435 3039 2reetitni.
470 2971 609 3037 osterum
630 2990 684 3038 nos
699 2971 752 3055 qni
775 2990 837 3038 non
859 2990 992 3038 snmus
1015 2975 1054 3039 in
1075 2973 1147 3039 hao
1167 2972 1255 3038 nita
1276 2970 1432 3036 tautum

302 3076 518 3156 sperantes
541 3075 581 3139 in
604 3073 786 3158 Christo,
813 3094 852 3141 ue
874 3079 1046 3143 seeundum
1069 3077 1245 3158 apostolum
1268 3077 1470 3139 misera-se

304 3176 472 3242 biliores
501 3175 625 3242 simus
658 3178 842 3245 omnibns
873 3178 1117 3253 hominibus,
1146 3180 1220 3262 quia
1248 3177 1368 3243 seilicet
1397 3175 1433 3240 iu

301 3279 362 3344 hoo
383 3280 499 3347 mundo
520 3279 600 3347 nihil
624 3283 868 3364 promissionum
890 3283 1072 3368 reeipientes
1094 3283 1190 3348 etiam
1207 3283 1239 3348 in
1255 3282 1361 3348 futuro
1377 3297 1432 3345 eas

404 3464 471 3519 241
489 3465 548 3521 Cor.
569 3467 608 3530 15,
629 3467 661 3520 19

351 3633 475 3691 lnioiua
497 3634 563 3692 717
656 3635 749 3707 dhan]
769 3653 800 3692 ao
820 3636 882 3693 170
977 3635 1178 3706 tinqnirentee
1198 3636 1237 3694 17
1329 3637 1431 3692 5snnt

299 3720 340 3775 1>¹
450 3719 588 3777 interieoti
614 3721 753 3778 DWOX:
783 3723 939 3792 interempti
969 3721 995 3778 7
1107 3722 1140 3778 10
1166 3723 1275 3779 soitinm
1301 3721 1430 3780 Dorus:

300 3808 416 3878 soytiurn
440 3807 462 3862 7
491 3807 584 3863 sitium
606 3807 629 3864 0
657 3809 787 3864 seithinm
805 3809 848 3864 Χ*
948 3809 1120 3865 monesteriis
1136 3809 1179 3864 D¹
1281 3811 1313 3864 11
1338 3811 1431 3864 ootnn·

299 3895 379 3964 ginta
405 3892 455 3951 VO
557 3894 705 3950 solitudine
727 3895 758 3950 D
863 3897 895 3951 12
917 3896 992 3952 anitii
1013 3896 1163 3954 DWoxe
1191 3895 1262 3968 scyti
1282 3895 1310 3951 7
1335 3894 1431 3952 soithii

300 3981 343 4035 X’
440 3981 653 4038 eommorabatnr
674 3982 714 4040 17
814 3982 847 4037 13
864 3983 1062 4052 queremoniam
1079 3983 1120 4038 D²
1216 3981 1371 4038 ieoiasemm
1390 3983 1431 4048 (ee

298 4067 332 4122 a'sa
349 4081 404 4122 roo.
422 4083 457 4122 m.
474 4069 507 4135 2)
523 4066 554 4122 D
658 4068 691 4123 15
714 4068 840 4124 interemi
863 4069 906 4123 Β·
1007 4068 1168 4138 permisimit
1187 4069 1223 4124 V¹
1251 4067 1431 4138 permississet

298 4151 381 4209 ow*
410 4151 481 4208 elius
497 4150 533 4208 V¹
628 4153 661 4208 ll
679 4167 748 4224 quur
767 4153 791 4210 0
880 4154 915 4208 18
931 4155 1097 4210 oonoesnissit
1112 4155 1148 4210 Vr
1168 4159 1232 4224 poet
1248 4154 1298 4209 looe
1314 4152 1430 4208 urtam

297 4237 331 4291 s'se
348 4235 425 4294 mod
442 4253 504 4310 eop.
520 4240 542 4294 2
559 4238 657 4306 isetptt
768 4241 802 4295 19
825 4237 972 4294 thendorus
984 4238 1030 4300 ,7Ι
1138 4239 1173 4294 20
1195 4239 1303 4299 enimus
1324 4238 1359 4294 V¹

298 4322 330 4377 21
351 4321 520 4392 persedentes
541 4321 577 4379 7Ι
668 4323 834 4382 resolvo
924 4325 960 4381 26
976 4326 1065 4396 quiO
1154 4327 1189 4382 21
1206 4327 1300 4382 iutnrd
1317 4325 1359 4380 D¹
