3009 5200
431 446 432 449 Ἴ
466 495 625 552 conlatio
649 493 681 560 V,
699 493 810 549 20-23.
1142 494 1204 561 147

60 690 152 771 etque
179 686 375 771 inexplebile
396 678 620 753 indictionibus
650 685 717 751 eins
740 684 857 752 inferre
878 684 1027 771 uectigal.
1063 686 1132 751 tum
1154 686 1204 753 illi
1295 663 1300 686 ¹

59 792 150 873 hunc,
177 810 281 875 quem
302 790 392 857 uelut
413 787 544 856 idiotsm
566 806 602 855 ec
626 788 782 853 ursticum
805 790 878 856 ente
900 788 1114 872 despexerunt,
1129 807 1204 875 pro·

59 896 300 961 nmtisuerunt
343 894 462 978 primes
500 890 716 977 philosophice
751 894 868 977 perles,
905 892 940 958 id
979 893 1030 959 est
1064 891 1204 959 ethicum

59 996 273 1081 disciplinam
296 994 436 1081 adprime
458 994 724 1081 conprehendisse,
747 994 857 1062 mireti
879 994 1047 1062 edmodum
1062 995 1203 1079 potuisse

42 1120 129 1165 soum
161 1098 364 1166 naturaliter
399 1096 527 1183 adsequi
563 1097 645 1181 quod
679 1096 769 1164 nulle
801 1099 831 1165 ei
862 1099 1029 1165 seecnlmis
1066 1097 1203 1166 eruditio

60 1202 267 1280 contulisset,
290 1220 361 1268 cum
382 1201 444 1286 ipsi
467 1201 578 1268 sudore
599 1203 700 1267 multo
723 1203 878 1288 longeque
898 1201 1041 1269 doctrine
1061 1200 1109 1267 ite
1123 1200 1202 1268 heeo

58 1306 233 1391 adtingere
258 1305 482 1391 nequiuisssnt
517 1306 595 1371 heec
607 1304 786 1389 specialiter
800 1303 838 1371 de
851 1304 1076 1391 gestrimergie
1089 1304 1202 1371 dixisse

58 1408 219 1476 sufficiet.
243 1428 327 1476 nunc
347 1409 545 1474 reuertemur
565 1408 606 1473 ed
629 1406 875 1492 disputationem
896 1425 993 1491 quem
1007 1409 1046 1474 de
1061 1406 1202 1491 genereli

58 1513 220 1578 uitiorum
244 1511 426 1596 cognitione
449 1529 650 1596 coeperamus
673 1528 831 1595 exponere.

34 1660 53 1697 n
95 1632 218 1699 ml.
246 1631 328 1699 Cum
356 1632 396 1698 ed
424 1630 587 1698 Abrehem
617 1630 655 1697 do
685 1630 802 1697 futuris
834 1630 978 1698 domiuus
1011 1633 1201 1715 loqueretur,

59 1738 137 1821 qnod
181 1754 248 1803 uos
285 1734 414 1802 minime
456 1733 641 1819 requisistis,
684 1752 746 1801 non
783 1737 905 1818 septem
939 1736 1049 1818 gentes
1085 1736 1202 1823 legitur

60 1842 294 1919 dinumerasse,
327 1838 382 1905 scd
414 1838 532 1921 decem,
566 1856 697 1921 querum
731 1842 818 1903 terro
850 1839 963 1906 semini
1000 1840 1067 1908 eius
1100 1841 1203 1909 dende

59 1941 279 2025 promittitur.
318 1940 372 2025 qui
393 1958 541 2006 numerus
565 1940 688 2007 adiectu
702 1938 881 2007 idololetrie
896 1944 991 2024 etque
1004 1942 1201 2027 blasphemie

62 2045 231 2113 euidenter
245 2045 392 2129 inpletur,
410 2043 525 2129 quibus
541 2046 615 2110 ente
629 2043 776 2110 notitiem
792 2044 842 2109 dei
854 2048 886 2109 et
896 2044 1035 2130 gretiam
1048 2046 1202 2131 bsptismi

37 2151 109 2215 nuel
129 2148 232 2233 inpie
255 2146 422 2233 gentilium
448 2146 500 2213 uel
522 2144 705 2232 blaspheme
725 2145 909 2214 Iudaeorum
929 2146 1103 2215 multitudo
1125 2152 1200 2218 sub·

63 2254 140 2318 iectu
165 2255 233 2332 est,
258 2249 354 2317 donec
378 2248 413 2315 in
427 2247 636 2316 intellectuali
649 2249 793 2334 Aegypto
808 2252 1019 2319 conmoritur.
1051 2252 1200 2319 sieutem

64 2356 296 2422 urenuntisns
318 2355 387 2436 quis
410 2354 441 2418 et
462 2371 606 2438 egressus
636 2352 746 2418 exinde
768 2370 824 2435 per
846 2353 896 2420 dei
916 2354 1054 2442 gretiam
1075 2354 1200 2422 deuicta

64 2460 183 2541 puriter
218 2456 442 2542 gastrimargis
473 2457 513 2523 ed
545 2456 708 2522 heremum
738 2455 918 2541 peruenerit
946 2456 1131 2541 spiritelem,
1161 2462 1200 2526 de

64 2561 297 2648 inpugnatione
317 2560 415 2627 trium
437 2560 581 2646 gentium
611 2558 762 2626 liberetis
793 2560 900 2627 contre
921 2561 1040 2645 septem
1062 2562 1198 2646 tentum,

39 2685 140 2749 squas
165 2685 227 2750 per
249 2665 380 2752 Moysen
403 2664 651 2749 dinumerentur,
678 2663 761 2731 belle
783 2664 942 2750 suscipiet.

101 2785 234 2852 XXIII.
258 2787 347 2867 Quod
368 2803 442 2852 nero
463 2786 597 2853 isterum
626 2784 870 2872 perniciosarum
894 2787 1037 2872 gentium
1057 2787 1198 2872 regiones

67 2890 243 2957 sulubriter
264 2889 419 2972 possidere
439 2890 658 2976 praecipimur,
673 2889 720 2956 ite
733 2888 940 2979 intellegitur.
973 2890 1071 2956 hebet
1084 2910 1199 2958 unum·

66 2996 212 3079 qnodque
246 2995 363 3061 uitium
395 2995 430 3061 in
459 2994 551 3076 corde
580 2997 683 3062 nostro
712 2995 871 3079 proprium
899 2994 1077 3071 stationem,
1105 3013 1199 3078 quem

65 3099 121 3164 sihi
144 3097 317 3164 uindicens
339 3097 373 3163 in
391 3097 514 3166 animee
528 3098 652 3165 nostres
674 3115 799 3164 recessu
812 3098 1004 3164 exterminet
1016 3097 1197 3180 Isrehelem

40 3202 93 3267 eid
120 3204 175 3266 est
203 3200 503 3288 contemplationem
530 3219 637 3268 rerum
668 3219 865 3268 summemm
892 3203 986 3286 etque
1008 3201 1197 3278 sanctarum,

66 3305 173 3390 eisque
197 3322 321 3388 semper
334 3303 494 3373 eduenseri
508 3322 572 3371 non
586 3303 710 3371 desinit.
741 3320 803 3371 non
818 3304 902 3370 enim
918 3305 1050 3388 possunt
1064 3305 1198 3370 uirtutes

66 3425 136 3473 oum
168 3406 262 3472 uitiis
289 3407 410 3490 pariter
439 3407 623 3474 conmoreri.
662 3424 764 3492 ques
795 3407 897 3474 enim
929 3407 1197 3492 participatio

64 3509 263 3577 iustitiae
293 3527 377 3578 cum
406 3510 654 3594 iniquitute?
682 3514 749 3577 out
778 3529 873 3594 queo
904 3509 1081 3576 societas
1113 3512 1197 3576 luci

173 3697 208 3750 10
226 3696 261 3751 ci.
278 3695 345 3752 Gen.
364 3695 405 3761 15,
425 3695 523 3751 18-21
628 3695 661 3750 27
679 3695 709 3754 Π
727 3695 785 3754 Gor.
804 3697 882 3763 o,14

7 3877 8 3886 ¹
114 3867 245 3936 ledque
267 3863 318 3921 VP
417 3866 603 3937 inexplicabile
623 3867 663 3922 W
763 3867 857 3922 inferri
874 3867 919 3922 11¹
1021 3868 1069 3922 ille
1087 3865 1127 3922 D¹

64 3969 271 4040 idispexereut
287 3970 387 4027 DWP
412 3968 562 4040 dexpexO
652 3960 770 4026 4'ireti
787 3968 817 4024 D
910 3969 943 4025 10
960 3971 1068 4024 ebreum
1090 3971 1128 4028 W

66 4056 97 4110 12
114 4056 203 4110 decim
223 4055 250 4108 V
342 4056 376 4109 13
394 4055 522 4111 idolatris
539 4054 617 4114 codd.
636 4054 672 4123 cf.
691 4055 764 4119 ΧΠ,
782 4060 844 4120 2‚6
941 4057 1027 4125 edque
1049 4056 1128 4112 VOP

65 4141 141 4195 blest'.
164 4140 248 4197 Vno
346 4142 380 4198 14
397 4141 470 4196 bebt
492 4141 543 4197 ΟΡ
638 4142 671 4197 lt
688 4143 765 4212 impii
788 4140 826 4197 W
919 4142 1050 4198 bleslems
1071 4142 1098 4197 V
1123 4142 1195 4197 bles·

66 4263 221 4331 promen
325 4262 514 4332 regressu
618 4262 805 4319 urrneewox
906 4264 941 4318 uo
960 4235 1053 4317 mdes
1074 4260 1127 4317 ru

66 4364 155 4403 m
177 4349 219 4404 w
305 4349 338 4403 21
357 4351 462 4402 summ
483 4349 506 4404 ο
590 4350 688 4419 portu
705 4335 767 4404 nx
852 4350 958 4418 regione
975 4349 1006 4405 n
1098 4348 1133 4402 es
1149 4347 1197 4403 eu-

67 4451 114 4504 que
134 4435 217 4492 VOP
319 4435 354 4488 26
372 4435 481 4504 eiusque
501 4436 549 4491 W¹
646 4434 680 4488 27
698 4436 768 4505 eum]
788 4439 802 4488 t
820 4433 861 4488 D·
958 4435 994 4490 28
1010 4435 1069 4490 luce
1084 4434 1126 4489 12¹

1038 4536 1094 4592 10*
