3009 5200
520 476 678 532 Conlatio
702 476 819 543 xmae,
838 477 879 532 26.
1201 477 1264 542 709

139 671 191 733 sed
226 668 355 732 uiolenti
379 667 539 748 diripiunt.
579 667 632 750 qui
660 684 732 749 ergo
755 667 788 731 hi
811 667 940 732 uiolenti
962 667 1058 732 aunt?
1083 684 1193 747 nempe
1214 665 1264 731 illi

139 770 192 853 qui
216 789 276 836 non
299 770 376 848 aliis,
401 770 454 835 sed
471 771 593 836 animae
609 789 682 834 suae
701 771 890 854 praeelaram
913 769 1052 834 inierunt
1068 768 1261 846 uiolentiam,

140 876 191 957 qui
208 874 378 958 direptione
393 873 546 938 laudabili
562 875 648 938 omni
663 893 731 938 earn
755 876 965 956 praesentium
981 892 1085 938 rerum
1101 875 1262 956 uoluptate

139 979 317 1042 fraudantes
334 995 407 1044 uoee
419 978 575 1042 dominioa
588 979 705 1060 egregii
720 978 890 1062 direptores
907 980 1148 1062 pronuntiantur
1163 984 1194 1042 et
1208 998 1264 1062 per

119 1081 349 1146 ehuiuseemodi
383 1083 523 1163 rapinam
562 1099 692 1164 regnum
725 1083 879 1146 caelorum
913 1081 1065 1146 uiolenter
1098 1085 1263 1148 inuadunt.

139 1203 298 1268 rognum
338 1187 439 1250 enim
477 1186 674 1250 saelorum
715 1186 884 1250 seeundum
920 1185 1109 1251 sententiam
1147 1187 1315 1256 dominiis

139 1289 217 1354 uim
239 1290 408 1371 patitur,
433 1293 471 1354 et
494 1289 666 1354 uiolenti
690 1289 1022 1372 diripiuntillud.
1057 1289 1110 1354 isti
1126 1290 1263 1373 prolecto

139 1395 214 1456 eunt
250 1393 420 1458 laudabiles
460 1391 599 1470 uiolenti,
638 1392 691 1475 qui
724 1392 790 1456 uim
824 1392 942 1458 laniunt
973 1394 1140 1477 perditioni
1177 1411 1261 1458 suae.

141 1495 248 1559 homo
272 1495 364 1569 enim,
388 1495 426 1560 nt
447 1498 600 1576 seriptum
623 1499 679 1576 est,
712 1496 750 1560 in
774 1496 983 1561 doloribus
1006 1497 1164 1562 laborat
1186 1498 1264 1563 sibi

109 1601 177 1665 roet
192 1599 269 1662 uim
288 1598 386 1664 lauit
401 1598 620 1680 perditioni
636 1617 739 1664 suae.
763 1599 896 1683 perditio
912 1603 1019 1665 nestra
1034 1604 1082 1666 est
1097 1600 1264 1666 oblectatio

140 1703 225 1768 uitae
247 1703 418 1785 praesentis
442 1703 473 1766 et
495 1703 531 1766 ut
553 1703 724 1784 expressius
746 1703 851 1768 dicem
873 1704 1027 1770 erseeutio
1042 1704 1265 1769 desideriorum

140 1809 398 1889 uoluntatumque
427 1807 611 1888 nostrarum,
642 1824 718 1887 quas
749 1805 777 1870 ei
806 1809 875 1888 quis
904 1807 943 1872 ab
973 1809 1079 1872 anima
1107 1829 1165 1874 sua
1190 1811 1264 1874 sub·

140 1911 268 1976 traxerit
298 1929 335 1976 ae
365 1911 610 1989 mortifieeuerit,
639 1911 805 1992 gloriosam
836 1911 973 1993 prefecto
1003 1916 1034 1976 et
1061 1914 1171 1978 utilem
1196 1935 1265 1997 per-

140 2015 251 2082 ditioni
282 2035 357 2082 suae
387 2015 453 2078 uim
483 2013 567 2094 lecit,
601 2013 758 2098 abnegans
788 2015 951 2081 dumtaxat
973 2016 1002 2080 oi
1025 2017 1265 2082 iucundissimas

108 2123 327 2202 reuelantates,
366 2137 442 2201 quas
480 2137 534 2200 per
566 2119 750 2200 prophetam
785 2137 886 2184 sermo
926 2120 1050 2185 diuinas
1087 2121 1266 2205 frequenter

140 2227 264 2289 ineusat
286 2225 406 2288 dicens:
431 2223 523 2305 quia
546 2221 583 2286 in
607 2221 741 2288 diebus
771 2223 917 2288 ieiunii
939 2224 1065 2288 nestri
1087 2225 1264 2290 inuenie-

143 2331 205 2393 tar
228 2328 411 2392 noluntas
427 2332 580 2402 uestra,
598 2327 629 2390 et
645 2327 775 2392 iterumr
800 2328 835 2392 si
851 2329 1051 2394 auerteris
1068 2330 1265 2395 esabbato

140 2432 274 2514 pedem
298 2436 426 2515 tuum,
450 2431 853 2497 faeereuoluntatem
871 2438 977 2498 tuam
995 2433 1111 2498 indie
1129 2439 1266 2499 saneto

142 2555 237 2613 meo,
261 2538 298 2601 et
319 2535 618 2620 glorifieaueris
641 2554 723 2603 oum
746 2536 832 2601 dum
849 2554 920 2602 non
945 2537 1043 2603 faeie
1062 2537 1145 2603 uias
1161 2541 1264 2616 tuas,

108 2645 178 2705 roet
209 2659 281 2705 non
311 2640 516 2705 inuenitur
542 2642 727 2705 noluntas
751 2645 831 2717 tua,
855 2641 897 2705 ut
919 2640 1101 2724 loquaris
1126 2660 1265 2707 sermo·

142 2764 233 2810 nem.
271 2744 323 2809 oui
352 2744 449 2809 etiarn
483 2748 600 2826 quanta
629 2743 788 2809 beatitudo
811 2746 1007 2827 promittitur
1029 2745 1190 2812 coelestim
1213 2765 1266 2829 per
1279 2750 1317 2813 14

142 2848 326 2930 prophetam
355 2850 531 2931 subiungit:
563 2852 673 2927 tune,
704 2848 817 2931 inquit,
847 2848 1115 2914 delectaberis
1149 2867 1267 2931 super

143 2952 1265 3033 dominnm,etsastollamtesuperaltitndinemterrae‚

143 3060 181 3121 et
203 3055 343 3122 eibabo
373 3058 409 3121 te
441 3056 667 3123 hereditate
696 3056 813 3123 Iaaob
843 3057 970 3141 patris
996 3056 1064 3123 tul.
1102 3074 1142 3121 os
1163 3056 1267 3121 enim

109 3159 291 3228 rademini
326 3160 500 3226 loentum
536 3164 603 3225 eet.
649 3164 679 3225 et
712 3160 828 3227 ideireo
861 3162 1005 3226 dominus
1039 3165 1143 3227 noster
1174 3165 1266 3243 atque

143 3265 289 3341 minator,
327 3267 363 3329 ut
403 3264 490 3329 nobis
536 3263 799 3345 amputandarum
844 3264 1044 3330 uoluntatum
1088 3268 1267 3330 nostrarum

245 3495 441 3561 bmssstd
543 3492 879 3564 dfflamffifflssl
981 3496 1199 3564 ffiffimQss

145 3582 307 3637 utam
410 3581 571 3637 sstem

195 3800 211 3853 1
235 3799 275 3853 hii
298 3798 386 3854 FOZ¹
489 3800 505 3853 2
530 3799 634 3853 animae
657 3814 720 3853 snae
743 3800 783 3853 1¹¹:
813 3797 999 3853 uoluntatibus
1024 3799 1139 3869 (uolupt.
1161 3799 1194 3868 0)
1213 3799 1269 3852 suis

146 3887 215 3944 OZa
318 3888 415 3941 baana
434 3886 473 3941 F:
504 3902 532 3941 se
551 3887 619 3943 OZo
720 3885 886 3971 ddominise
902 3886 989 3954 gregii
1007 3886 1037 3940 F
1136 3886 1269 3939 batonim

146 3990 170 4045 0
255 3989 288 4045 10
305 3990 450 4045 iaciuntO
537 3992 568 4045 ll
586 3989 767 4059 exequutioO
859 3989 891 4044 12
910 3990 1131 4058 uoluptatnmqae
1149 3989 1201 4045 FO

144 4078 232 4132 animo
251 4077 341 4132 ruoO
437 4076 637 4131 adnectenda
731 4078 763 4131 15
781 4076 884 4145 uolupt.
905 4076 935 4143 0,
955 4078 1018 4131 item
1035 4075 1114 4141 infra
1210 4092 1269 4145 pro-

145 4162 227 4217 letam
250 4163 301 4219 FO
404 4163 437 4217 16
460 4163 598 4218 inuenitur
622 4162 674 4219 FO
779 4163 810 4217 19
832 4162 1027 4231 glorificaberis
1050 4163 1076 4215 Z
1177 4163 1211 4215 20
1228 4163 1269 4215 in·

145 4266 272 4304 aen...r
290 4248 319 4303 F
345 4250 541 4308 inuenietnrO
643 4252 675 4303 ut
697 4252 802 4305 nont)
903 4250 937 4305 21
961 4249 1135 4317 promittatur
1158 4250 1202 4302 Za

144 4352 190 4405 per
209 4334 337 4404 profetam
354 4335 395 4390 F:
428 4336 574 4405 proletaO
604 4336 733 4405 propheta
751 4337 797 4391 Za
899 4338 934 4391 ‘22
956 4335 1050 4405 inquid
1075 4334 1124 4390 ΟΖ
1224 4334 1268 4389 de·

144 4439 353 4497 restaurasse
446 4426 676 4497 annemundo
770 4441 996 4509 aerequueumo
1082 4440 1203 4509 nequeo
