3009 5200
264 442 329 507 624
650 438 817 491 Iohannis
841 438 1000 491 Cassiani

263 646 504 713 nequaquam
539 625 799 693 exhibeamus
828 628 999 692 membra
1029 628 1167 690 nostra
1189 643 1294 689 arma
1316 625 1392 690 ini·

264 734 438 817 quitatis
459 734 636 814 peooato,
658 731 754 795 tertio
776 732 814 796 ut
838 730 987 795 interiore
1009 746 1130 811 quoque
1144 728 1268 793 homine
1284 732 1391 794 nostro

263 839 302 904 ab
331 838 390 902 illa
418 836 557 902 libidinis
586 834 769 901 titillatione
800 833 988 901 omnimodis
1015 850 1051 897 au
1073 832 1256 897 medullitus
1278 835 1392 899 morti·

263 942 354 1007 fronto
391 938 645 1005 exhibeamus
680 956 749 1003 nos
792 938 863 1003 deo
906 939 1105 1017 tamquam
1141 954 1184 999 er
1220 938 1392 1027 mortuis

263 1046 460 1121 uiuentes,
491 1045 524 1107 et
552 1042 600 1106 ita
628 1060 683 1123 por
709 1041 793 1105 hune
824 1041 995 1124 proiectum
1017 1038 1234 1121 peruenieutes
1257 1040 1297 1104 ad
1319 1059 1391 1122 per-
1415 1063 1429 1103 s

263 1152 388 1231 petuam
418 1146 556 1229 quietem
584 1146 721 1227 eorporis
750 1144 851 1210 nostri
877 1143 1074 1209 exhibeamus
1096 1143 1194 1209 etiem
1217 1144 1391 1209 membra

234 1258 399 1320 inostro
429 1269 534 1315 arma
561 1250 628 1315 ianr
657 1268 718 1314 non
747 1247 901 1323 libidinis,
931 1248 985 1312 sed
1017 1248 1206 1312 iustitiae
1239 1246 1318 1311 deo.
1358 1250 1390 1312 in

263 1374 325 1438 oua
360 1355 449 1421 nobis
486 1352 686 1420 enntimonine
722 1352 860 1435 puritate
897 1352 1036 1417 fundatis
1072 1355 1277 1434 peceatum
1315 1370 1389 1417 non

264 1457 546 1525 dominabitur.
582 1476 645 1522 non
668 1458 752 1522 enim
775 1475 884 1522 sumus
907 1456 979 1521 sub
1002 1456 1103 1540 lege,
1120 1473 1198 1537 quae
1213 1457 1287 1519 dum
1304 1454 1391 1521 lioitn

262 1562 443 1645 nuptiarum
465 1561 535 1624 inra
556 1561 763 1642 commendat,
787 1561 882 1625 etiarn
904 1559 998 1624 illum
1019 1560 1106 1623 euius
1122 1557 1296 1623 ministerio
1313 1574 1391 1642 opus
1401 1583 1429 1621 no

262 1666 405 1730 inlicitae
433 1664 649 1729 fornicationis
679 1664 822 1745 expletur
853 1664 887 1727 in
917 1664 1032 1728 nostris
1058 1662 1205 1728 medullis
1228 1662 1332 1726 nutrit
1355 1680 1391 1727 ae

262 1771 402 1833 reseruat
423 1767 575 1845 ardorem,
597 1770 660 1833 sod
683 1770 754 1834 sub
768 1772 861 1852 grat
872 1770 924 1845 ie,
941 1786 1018 1849 quae
1035 1765 1111 1831 dum
1126 1764 1390 1848 interruptionem

263 1872 456 1955 uirginitatis
477 1870 629 1954 insinuat,
652 1870 749 1935 etiarn
776 1874 873 1937 istum
895 1870 1055 1935 innoxium
1070 1886 1108 1933 ae
1121 1868 1296 1951 simplicem
1320 1886 1389 1933 eor-

263 1976 345 2057 poris
367 1974 488 2039 motum
503 1978 536 2039 et
550 1976 646 2056 ipsius
663 1994 782 2058 quoque
798 1976 881 2039 lieiti
896 1976 996 2039 eoitus
1011 1972 1166 2037 interimit
1181 1973 1388 2055 uoluptatem.

262 2084 355 2161 atque
376 2080 422 2142 ita
443 2080 564 2143 onnotie
585 2079 805 2161 inpurissimae
836 2077 1028 2144 eouluuionis
1059 2076 1219 2141 umoribus
1241 2075 1427 2145 mosaetism

262 2181 382 2267 egregii
414 2201 451 2247 ao
479 2182 650 2247 laudabiles
681 2183 817 2248 enuuohi
846 2182 900 2264 qui
928 2200 984 2263 per
1013 2181 1140 2245 Esaiam
1167 2179 1390 2263 praedieantur

262 2287 366 2352 effoeti
399 2287 589 2351 merebimur
621 2286 711 2351 illam
744 2304 824 2368 quae
856 2286 1052 2367 promittitur
1085 2286 1128 2349 eis
1161 2282 1388 2349 beatitudinem

163 2414 168 2421 ·
262 2391 434 2474 possidere:
479 2390 575 2455 haee
618 2391 702 2454 enim
743 2392 803 2454 ait
844 2389 1024 2453 dominus
1068 2386 1278 2453 eunuchis:
1320 2387 1388 2468 qui

261 2494 537 2559 custodierint
559 2491 730 2559 sabbata
750 2512 848 2574 mea,
872 2495 911 2556 et
929 2490 1242 2574 elegerintquae
1257 2489 1386 2564 uolui,

261 2604 302 2664 et
331 2597 541 2663 tenuerint
561 2596 699 2663 foedus
721 2616 861 2662 meum:
892 2595 993 2662 dabo
1015 2596 1131 2662 eisin
1154 2600 1262 2662 donno
1285 2615 1425 2674 meam

261 2706 297 2767 et
328 2703 368 2768 in
401 2704 524 2767 nrurie
559 2703 657 2766 meis
689 2701 832 2779 lorum,
861 2705 899 2765 et
929 2717 1069 2765 nomen
1099 2700 1239 2764 melius
1269 2717 1386 2782 quam

262 2806 369 2871 liliis
402 2811 442 2869 et
472 2805 657 2870 filiabus:
692 2823 830 2870 nomeu
864 2805 1151 2889 sempiternum
1184 2806 1284 2870 dabo
1313 2806 1386 2882 eie,

232 2908 363 2992 8quod
393 2928 468 2973 non
497 2908 656 2990 peribit
694 2908 747 2990 qui
777 2911 852 2974 sunt
881 2909 933 2974 isti
964 2909 1023 2973 tilii
1045 2913 1077 2973 et
1100 2907 1192 2984 tiliae,
1215 2908 1329 2989 quibus
1352 2910 1385 2971 in

260 3013 385 3075 tantum
407 3011 463 3075 isti
485 3009 703 3094 praeferuntur
732 3013 877 3093 eunuehi,
907 3015 944 3077 ut
970 3014 1065 3078 etiam
1087 3013 1191 3077 locum
1213 3030 1250 3076 ao
1271 3025 1385 3077 nomen

260 3117 373 3181 melius
396 3115 554 3197 aoeepturi
576 3133 642 3180 esse
656 3115 809 3199 dieantur,
834 3116 897 3181 niei
918 3116 969 3180 illi
992 3115 1102 3194 saneti,
1126 3115 1180 3198 qui
1202 3115 1260 3180 sut
1284 3116 1423 3184 ueteris,

259 3221 449 3285 testamento
462 3218 497 3283 in
512 3219 726 3305 coniugiorum
738 3223 849 3305 oopula
859 3225 1075 3304 permanentes
1086 3240 1141 3303 per
1152 3220 1386 3286 obseruantiam

260 3323 479 3388 mendatorum
512 3323 547 3386 in
576 3326 773 3408 adoptionem
803 3325 940 3392 filiorum
969 3325 1021 3390 dei
1049 3342 1110 3389 nou
1140 3323 1283 3388 inmerito
1313 3341 1386 3406 per·

258 3429 435 3492 uenerunt?
462 3427 545 3508 quod
574 3426 672 3495 etiarn
694 3447 806 3496 nomen
829 3429 877 3492 est
899 3427 990 3508 illud,
1013 3428 1095 3509 quod
1117 3427 1162 3492 eis
1184 3424 1273 3492 uelut
1294 3444 1387 3508 prau-

259 3530 386 3613 oipuum
421 3529 570 3612 quiddam
604 3531 673 3596 uiee
706 3530 967 3598 remunerationis
1001 3548 1143 3596 summae
1175 3529 1386 3614 promittitur,

363 3742 505 3797 llere
599 3743 695 3798 ate.
785 3744 878 3800 tle.
973 3743 1119 3799 eleut
1206 3745 1317 3798 reto

260 3827 533 3896 mentera-«5

311 4027 327 4079 7
345 4025 456 4081 libidini
472 4027 511 4096 pe
595 4028 613 4082 8
629 4030 768 4097 peecatum
780 4029 809 4082 in
821 4028 898 4090 nobie
910 4029 962 4082 iarn
977 4029 1041 4096 (iam
1053 4043 1104 4082 one
1118 4027 1164 4096 0¹)
1183 4043 1235 4082 non
1249 4027 1316 4097 Opis

261 4113 293 4164 ll
317 4116 410 4166 nutret
434 4113 464 4168 F
565 4115 598 4168 14
614 4116 754 4169 interemit
771 4114 811 4169 ΡΙ
914 4116 1081 4170 uoluntatem
1101 4114 1147 4184 Οβ
1250 4113 1282 4168 15
1299 4113 1388 4182 adque

259 4197 288 4251 B
382 4199 541 4254 humoribus
558 4200 672 4271 wop
767 4203 800 4256 16
817 4217 924 4272 esayam
945 4202 968 4258 0
1061 4202 1093 4255 17
1111 4199 1257 4254 merebitur
1273 4199 1315 4254 Κ·

259 4281 296 4335 20
312 4283 380 4337 doto
397 4285 435 4338 eis
452 4301 521 4340 eran
537 4287 570 4340 ior
586 4287 614 4340 B
706 4287 742 4342 25
759 4291 848 4342 uetere
863 4287 892 4356 β’
983 4287 1018 4342 28
1035 4285 1115 4340 uelud
1132 4286 1160 4340 B
1249 4287 1284 4342 29
1301 4286 1389 4356 quod·

260 4369 323 4422 dam
342 4369 405 4425 013¹
