3009 5200
486 432 648 489 conlatio
671 432 791 501 XVIIII,
810 432 853 490 14.
1168 434 1232 502 549

107 622 227 691 inuicta
254 623 313 688 illa
339 620 494 705 petenda
522 624 577 687 tua
606 621 761 689 leuissimi
790 622 880 691 uerbi
908 625 1083 707 prolusione
1105 623 1232 690 wnfuru

107 726 179 791 aeti
201 728 354 809 quomode
375 724 504 791 domum
525 724 613 791 tuum
635 742 729 809 rupta
754 724 845 791 illurn
867 726 1088 793 aelidierimam
1109 731 1232 811 petram

106 830 197 895 tanta
219 832 256 894 ut
277 828 338 895 tibi
359 827 528 895 uidebatur
543 828 625 894 mele
641 829 853 895 eenrtruetam
868 828 948 895 leuis
962 846 1038 897 aura
1052 830 1233 897 eenmenit?

106 932 162 1001 ubi
190 933 240 997 eet
268 931 349 998 illud
378 934 461 1015 qued
489 930 576 997 inani
605 930 722 998 ddueia
749 932 869 998 bellurn
898 935 932 999 iu
957 934 1232 1016 praedesiderare

86 1034 342 1120 rproelarnabas:
372 1038 539 1118 paratus
569 1052 666 1112 euru,
697 1038 736 1101 et
764 1052 838 1101 nen
859 1054 946 1103 eum
969 1038 1178 1122 turbatur,
1200 1040 1233 1103 et

107 1138 345 1224 auunprepheta
359 1156 452 1221 saepe
467 1138 610 1206 diaetae:
633 1137 752 1221 prebe
774 1142 1010 1222 nodamine,
1025 1142 1233 1223 attempta

107 1261 179 1311 mr:
216 1261 284 1307 ure
319 1259 433 1308 renea
465 1259 566 1308 meos
600 1242 638 1307 et
670 1258 736 1307 eor
768 1262 909 1323 meum,
943 1245 993 1311 et:
1025 1243 1147 1328 proba
1177 1262 1232 1310 rna

107 1346 277 1425 domine,
307 1346 347 1410 et
374 1344 478 1411 reite
507 1361 570 1410 eor
591 1362 731 1410 meumr
761 1346 972 1431 Interroga
998 1367 1070 1424 me,
1104 1352 1144 1413 et
1175 1364 1233 1413 ee-

107 1466 253 1533 gneeee
275 1449 441 1515 remitae
463 1465 575 1514 meaa.
609 1451 648 1513 et
669 1450 775 1527 uide,
798 1450 832 1515 ai
854 1451 919 1517 uia
939 1450 1171 1535 iniquitatis
1193 1450 1232 1516 iu

75 1570 164 1617 reme
197 1555 279 1618 esti
312 1555 463 1636 quemodo
494 1552 655 1636 ingentem
688 1552 870 1618 oertaminia
905 1553 1089 1640 adparatum
1122 1554 1235 1640 exigua

108 1655 209 1751 hestia
230 1653 343 1721 umbra
365 1654 562 1723 conterruit?
584 1654 642 1721 tali
665 1674 738 1740 ergo
760 1661 859 1723 mmet
881 1656 986 1740 iprum
1001 1654 1264 1740 eenpunetienied

107 1758 376 1827 en‘umadueraiene
398 1757 607 1827 eendemuane
630 1758 764 1825 inultm
785 1777 860 1825 auae
875 1761 1081 1827 wumetienie
1096 1760 1234 1845 obrepti-

107 1882 199 1931 onem
232 1880 297 1929 esee
331 1880 393 1931 non
426 1862 520 1947 sinat,
554 1861 609 1929 sed
637 1863 752 1930 artiore
782 1881 907 1929 earnem
935 1882 1025 1930 enam
1057 1864 1168 1930 ieiunii
1196 1881 1234 1931 aa

107 1966 289 2051 uigiliarum
311 1967 504 2047 curruptione
526 1964 683 2050 castigem
705 1984 742 2031 ae
759 1963 886 2049 iugibus
901 1966 1112 2033 eontinentiue
1127 1966 1234 2049 peanis

73 2069 233 2153 reeulpam
259 2088 332 2135 euae
365 2069 551 2136 mobilitatis
585 2068 764 2135 exerneiana
796 2068 888 2149 illud,
921 2069 1004 2151 quod
1035 2069 1234 2153 adplenum

108 2189 275 2255 excoquere
306 2173 341 2237 in
373 2171 513 2239 wenebii
546 2172 782 2239 conuersatione
815 2173 973 2254 debuerat,
1000 2174 1035 2238 iu
1064 2172 1234 2239 solitudine

107 2277 297 2343 aenetitutua
326 2276 384 2342 hee
414 2274 643 2342 exereitutieuie
672 2277 745 2360 igne
775 2278 948 2343 aeneumat.
985 2276 1066 2342 illud
1095 2294 1170 2343 aune
1194 2278 1234 2343 ad

106 2378 306 2447 obtinendam
335 2381 443 2464 iugem
471 2397 508 2447 aa
537 2378 686 2457 stabilem
717 2378 905 2461 patientium
934 2379 1233 2462 armaueratque

106 2482 301 2549 inmobiliter
322 2485 371 2549 eet
392 2484 573 2561 tenendum,
596 2501 658 2549 nen
680 2483 774 2549 liuere
794 2482 894 2566 nebu,
910 2482 1023 2566 quibua
1038 2483 1109 2567 lege
1124 2484 1237 2549 diuina·

72 2605 167 2656 renen
196 2588 298 2653 sulum
326 2586 407 2655 ultio
436 2586 633 2666 iniuriarum,
662 2584 718 2654 ead
747 2586 844 2652 etiam
868 2587 1018 2654 memoria
1038 2584 1232 2670 prehibetur,

108 2690 275 2756 auiudibet
305 2690 487 2758 detrimenti
517 2690 569 2756 nel
598 2689 787 2756 irritationis
817 2687 949 2756 obtentu
978 2693 1017 2756 ad
1039 2689 1234 2756 iratundiam

107 2796 293 2862 eanmoueri.
331 2796 414 2878 quod
451 2794 534 2860 enim
572 2795 700 2878 grunitu
734 2794 856 2860 animae
891 2794 996 2875 puteat
1017 2795 1141 2860 euenire
1167 2792 1263 2860 diu-6

107 2898 266 2983 pendium,
295 2916 388 2984 quam
420 2900 457 2964 ut
486 2915 541 2981 per
571 2897 777 2964 dannationis
806 2895 943 2962 subitam
964 2896 1147 2962 manitatem
1167 2896 1234 2961 ueri

108 3003 201 3086 atque
230 3003 350 3068 aeterni
378 3001 508 3068 luminis
538 3001 683 3068 claritate
713 3000 838 3083 priuata
863 2998 902 3064 ab
924 2998 1011 3064 illiue
1034 3000 1097 3082 qui
1121 2999 1235 3064 rnitie

73 3111 148 3188 raet
169 3105 337 3172 humilia
359 3105 475 3170 eorde
497 3106 556 3170 eet
581 3102 841 3187 eontemplatiene
870 3101 1033 3170 diseedat?
1062 3102 1139 3187 quid
1160 3120 1234 3188 rege

107 3209 307 3294 peruidosiue
322 3209 436 3292 quidue
451 3205 629 3289 determine,
648 3224 745 3290 quam
759 3210 795 3271 ut
812 3204 882 3288 quia
897 3205 1071 3272 honestatis
1082 3205 1235 3272 iudicium

108 3315 140 3380 et
169 3313 311 3398 regulam
340 3331 377 3378 ar
406 3312 605 3395 dieeiplinam
636 3314 740 3376 reatae
770 3309 969 3376 diaeretieuIe
992 3308 1122 3375 amittat
1143 3316 1176 3374 et
1196 3326 1234 3373 ea

109 3434 203 3484 sanun
231 3435 268 3482 aa
296 3415 418 3482 sobrius
450 3415 616 3500 perpetret,
648 3433 726 3498 quae
756 3433 795 3480 ne
825 3413 1017 3480 temulentus
1047 3412 1174 3496 quidem
1198 3430 1234 3476 ae

210 3643 289 3699 51³⁸.
308 3644 420 3711 118,60
510 3642 591 3700 61²1.
608 3642 685 3709 25,2
781 3641 859 3696 err.
878 3642 937 3708 138,
954 3640 1057 3696 Iit-24
1150 3642 1182 3696 19
1200 3638 1234 3695 ef.

109 3730 282 3798 1ar.1e‚18
384 3729 487 3788 24}st
506 3730 600 3796 11,29

162 3947 176 4001 l
203 3945 325 4001 eausam
353 3945 432 4015 θ’βυ
532 3943 550 3998 6
575 3942 679 4014 predata
706 3941 763 3998 BF
865 3942 963 3998 diuirti
986 3943 1027 4013 {iu
1129 3941 1163 3995 10
1188 3939 1236 3995 ud·

110 4033 233 4104 uunturu
250 4031 317 4088 For
344 4046 403 4101 app.
421 4030 479 4086 reli.
580 4029 613 4084 12
630 4027 826 4098 eondempnuur
842 4027 872 4097 β’
968 4027 1085 4083 inultm
1103 4023 1238 4082 unimeO

110 4135 173 4174 rure
195 4117 456 4184 eorunmuetiennr
478 4115 662 4188 obreptionem
684 4114 780 4170 BFO:
811 4112 897 4168 animi
919 4112 963 4167 rui
984 4111 1237 4169 aumatiunauluun

108 4205 150 4276 du
247 4203 366 4259 luillae
383 4203 452 4258 BF:
481 4201 614 4257 illrhto
642 4202 671 4256 id
688 4201 728 4271 du
830 4200 865 4255 lt
883 4213 1050 4270 exquoquera
1066 4199 1170 4255 311’10

110 4289 337 4360 leopardorum
354 4287 461 4344 Bm
489 4286 679 4358 optioneudann
696 4286 737 4342 Ρ
839 4285 875 4340 22
892 4285 1021 4355 uenire?
1120 4286 1237 4356 260130

112 4375 221 4434 Oeen.
321 4375 356 4432 28
372 4391 420 4431 nae
437 4373 477 4446 du
578 4372 823 4444 quidemquider
