3009 5200
289 426 353 493 448
680 422 844 478 Iohannis
862 422 1017 477 Cassiani
1137 451 1140 461 ·

290 615 383 681 fallat
411 614 534 692 inlusio,
561 612 703 678 elationis
732 614 839 677 temen
862 614 894 677 st
915 613 1077 693 superbiae
1103 614 1262 697 grauiores
1284 614 1411 697 loqueos

291 738 353 784 non
376 719 496 784 suadet.
533 718 603 800 quis
625 716 709 781 enim
738 716 796 781 hoc
819 715 879 781 sibi
904 717 1020 799 absque
1042 717 1162 799 ingenti
1182 716 1297 799 poterit
1318 735 1411 782 usur·

291 841 364 905 pare
393 822 536 903 pernicie,
568 838 639 885 cnm
668 836 723 884 uas
752 819 922 904 electionis,
953 819 988 883 in
1018 838 1077 901 quo
1108 818 1258 896 Christus,
1286 820 1323 885 ut
1344 822 1411 902 ipse

290 924 446 1008 professus
482 927 540 1002 est,
582 923 777 1005 loquebatur,
818 924 857 989 ob
893 922 951 987 hoc
988 922 1181 989 solummodo
1218 942 1250 989 so
1286 923 1412 989 adserat

290 1026 540 1111 Hierosolymam
562 1025 785 1107 conscendisse,
808 1029 845 1090 ut
868 1044 938 1090 oum
965 1024 1031 1091 suis
1054 1026 1235 1109 coapostolis
1249 1024 1411 1108 euangeli·
1434 1044 1448 1085 s

289 1150 354 1209 nm,
377 1130 458 1213 quod
473 1129 620 1215 gentibus
636 1129 795 1193 reuelante
812 1131 845 1194 et
860 1130 1044 1212 cooperante
1061 1129 1185 1193 domino
1201 1128 1410 1210 praedicebat,

289 1236 409 1299 secreta
430 1232 656 1299 examinatione
679 1233 855 1298 conterret?
881 1250 937 1314 per
952 1231 1032 1314 quod
1046 1231 1219 1297 ostenditur
1232 1250 1293 1297 non
1307 1231 1412 1297 solum

289 1335 545 1402 unianimitatem
573 1337 665 1417 atque
695 1338 891 1401 concordiam
919 1354 974 1417 per
996 1335 1073 1400 baec
1094 1336 1259 1417 praecepta
1279 1335 1411 1409 seruari,

289 1458 399 1506 uerum
421 1440 518 1503 etiem
541 1438 667 1503 cunctas
682 1437 799 1502 diaboli
814 1437 1009 1504 aduersantis
1024 1436 1157 1503 insidias
1173 1436 1205 1501 et
1219 1436 1413 1503 inlusionum

289 1544 355 1608 eins
377 1544 505 1623 laqueos
527 1560 589 1606 non
614 1539 728 1605 timeri.
1424 1560 1450 1601 ro

332 1663 422 1727 XIII.
445 1661 587 1743 Denique
609 1662 644 1726 in
666 1662 791 1726 tantum
815 1660 915 1725 uirtus
940 1660 1082 1725 caritatis
1098 1658 1268 1741 extollitur,
1291 1663 1327 1724 ut
1343 1677 1416 1724 eam

289 1765 402 1831 beatus
424 1764 579 1831 Iohannes
601 1764 759 1847 spostolus
782 1781 844 1827 non
867 1763 967 1827 solum
984 1782 1050 1828 rem
1065 1762 1123 1842 dei,
1140 1762 1194 1827 sed
1208 1762 1305 1828 etiam
1319 1762 1416 1827 deum

290 1887 356 1933 esse
377 1868 560 1950 pronuntiet
582 1867 706 1931 dicens:
737 1868 831 1931 deus
861 1865 1014 1931 caritas
1037 1868 1110 1931 est:
1134 1866 1200 1949 qui
1221 1865 1352 1931 manet
1373 1864 1416 1929 in

290 1972 478 2049 caritate,
508 1972 547 2036 in
577 1972 644 2036 deo
673 1971 808 2036 menet
837 1970 875 2035 et
903 1969 1000 2033 deus
1022 1968 1062 2033 ln
1083 1968 1180 2050 ipso.
1218 1985 1292 2032 nam
1313 1986 1415 2049 usque

289 2076 365 2141 adeo
386 2075 476 2140 illam
498 2074 639 2139 diuinam
661 2091 729 2138 esse
750 2072 968 2156 perspicimus,
992 2070 1131 2137 utillud
1155 2070 1287 2153 apostoli
1309 2072 1452 2136 mani-rs

289 2177 461 2243 festissime
483 2176 588 2260 uigere
609 2175 781 2241 sentiamus
796 2175 830 2240 in
845 2176 948 2240 nobis:
972 2174 1158 2257 qnoniam
1180 2174 1326 2239 caritas
1349 2172 1416 2236 dei

289 2280 444 2348 diflusa
473 2281 532 2345 est
560 2279 600 2342 in
622 2279 807 2343 cordibus
834 2277 984 2343 nostris
1006 2295 1073 2361 per
1095 2278 1285 2359 spiritum
1306 2294 1417 2340 sanc-

289 2386 370 2449 tum
399 2382 467 2466 qui
494 2381 657 2447 habitet
685 2382 723 2445 in
753 2378 876 2445 nobis.
914 2380 995 2461 quod
1030 2380 1094 2445 tale
1131 2380 1179 2443 est
1214 2378 1278 2444 acsi
1311 2379 1416 2443 dicat:

288 2486 435 2569 quoniam
466 2486 540 2550 deus
570 2484 700 2551 diffusus
730 2484 778 2547 est
805 2482 839 2547 in
869 2481 1009 2549 cordibus
1040 2482 1152 2547 nostris
1181 2500 1237 2564 per
1265 2479 1418 2563 spiritum

288 2590 433 2655 sanctum
455 2588 509 2672 qui
531 2588 654 2656 habitat
675 2587 709 2653 in
730 2586 830 2652 nobie.
865 2585 920 2670 qui
935 2585 1041 2670 etiam,
1058 2603 1128 2650 oum
1143 2584 1322 2669 ignoremus
1337 2582 1454 2667 quiden

289 2693 454 2759 debeamus
498 2710 595 2771 orare,
643 2690 889 2774 interpellat
932 2708 999 2773 pro
1042 2688 1152 2754 nobis
1196 2685 1418 2770 gemitibus

287 2795 652 2862 inenarrabilibus:
682 2793 748 2876 qni
779 2795 908 2860 antem
938 2791 1146 2858 scrutatur
1176 2790 1306 2868 corda,
1336 2790 1418 2856 scit

289 2897 383 2981 quid
405 2897 609 2963 desideret
637 2895 822 2979 spiritus,
850 2894 1030 2978 quoniam
1060 2893 1273 2961 secundum
1302 2892 1418 2957 deum

288 3000 471 3084 postulet
491 3018 559 3082 pro
581 2998 745 3064 sanctIs.

330 3120 439 3187 XIIII.
462 3121 557 3187 Illam
578 3121 675 3204 igitur
697 3120 873 3198 caritatem,
891 3137 968 3201 quae
983 3119 1097 3185 dicItur
1119 3108 1240 3204 ἀγάπη,
1264 3115 1454 3200 possibilem

288 3228 338 3292 est
367 3225 509 3290 omnibus
539 3222 686 3289 exhiberi.
723 3225 761 3289 de
792 3241 852 3306 qua
880 3223 991 3288 beatus
1022 3221 1180 3306 apostolus
1209 3237 1300 3304 ergo
1324 3219 1418 3284 dum

288 3331 444 3409 tempus
475 3327 675 3405 babemus,
705 3325 819 3408 inquii,
843 3343 1044 3408 operemur
1066 3325 1167 3407 quod
1189 3323 1329 3388 bonum
1353 3323 1418 3386 est

288 3431 335 3496 ad
373 3448 522 3509 omnes,
558 3429 724 3495 marimo
769 3430 899 3494 autem
936 3429 980 3493 ad
1018 3426 1259 3494 domesticos
1302 3423 1414 3490 lidei.

288 3551 368 3616 quae
397 3532 430 3597 in
459 3533 585 3598 tantum
613 3531 756 3598 omnibns
784 3532 833 3597 est
861 3530 1047 3616 generaliter
1079 3529 1261 3608 exhibenda,
1284 3527 1322 3593 ut
1344 3545 1416 3593 eam

388 3731 664 3800 ser.ncor.1s‚s
755 3734 826 3789 bol.
839 3734 898 3790 Gal.
918 3733 943 3800 2,
956 3733 1024 3789 1-2
1120 3731 1345 3796 13110h.4,16

288 3816 323 3876 16
338 3820 415 3876 Rom.
432 3822 493 3886 5,5
594 3821 628 3875 21
646 3821 721 3874 Rom
738 3820 764 3886 8,
783 3819 884 3875 26-27
987 3819 1021 3874 26
1039 3817 1099 3874 Gal.
1118 3819 1143 3885 6,
1163 3819 1197 3872 10

340 4007 357 4060 1
378 4007 453 4062 fallit
477 4007 502 4059 0
604 4020 700 4075 graues
724 4007 750 4058 Y
848 4006 866 4061 5
888 4005 1090 4061 hierusolimam
1114 4005 1144 4056 ll
1171 4004 1369 4059 hierosolimam
1391 4006 1418 4056 P

287 4093 487 4147 iherosolimam
515 4092 540 4145 0
642 4092 660 4146 8
685 4090 903 4146 unianimitatem
926 4093 1009 4144 mn,
1040 4090 1160 4145 unanim.
1182 4091 1251 4142 W
1278 4089 1416 4144 unanimi-

287 4177 346 4231 tate
363 4178 388 4230 O
481 4175 655 4233 laterannis
672 4178 712 4230 Πι
805 4177 837 4232 13
855 4181 883 4233 et
901 4178 947 4246 qni
964 4179 1039 4233 'I'Oo
1129 4177 1163 4232 18
1179 4175 1249 4245 qnod
1266 4175 1322 4230 tale
1332 4215 1410 4230 .....

288 4261 324 4315 20
340 4262 371 4316 in
387 4264 465 4318 nobis
483 4277 533 4318 om.
552 4265 577 4315 Y
665 4264 700 4318 25
717 4261 929 4334 meibomio
946 4265 971 4315 Y
1052 4262 1086 4319 In
1104 4261 1179 4316 illam
1196 4263 1227 4313 Π
1308 4276 1415 4317 marm

288 4348 315 4398 Y
414 4348 449 4403 26
472 4348 506 4402 ab
530 4348 654 4403 omnibus
676 4349 702 4401 0
806 4348 926 4404 exhibere
949 4349 993 4404 Po
1093 4347 1128 4400 2⁷
1145 4345 1240 4417 inquid
1254 4347 1344 4401 HYO
