<?xml version="1.0" encoding="UTF-8"?>
<!DOCTYPE html PUBLIC "-//W3C//DTD XHTML 1.0 Transitional//EN"
    "http://www.w3.org/TR/xhtml1/DTD/xhtml1-transitional.dtd">
<html xmlns="http://www.w3.org/1999/xhtml" xml:lang="en" lang="en">
 <head>
  <title>
</title>
<meta http-equiv="Content-Type" content="text/html;charset=utf-8" />
  <meta name='ocr-system' content='tesseract 3.04.00' />
  <meta name='ocr-capabilities' content='ocr_page ocr_carea ocr_par ocr_line ocrx_word'/>
</head>
<body>
  <div class='ocr_page' id='page_1' title='image "./corpusscriptoru14wiengoog_0747.png"; bbox 0 0 3009 5200; ppageno 0'>
   <div class='ocr_carea' id='block_1_1' title="bbox 450 429 1261 527">
    <p class='ocr_par' dir='ltr' id='par_1_1' title="bbox 450 429 1261 527">
     <span class='ocr_line' id='line_1_1' title="bbox 450 429 1261 527; baseline 0.002 -41"><span class='ocrx_word' id='word_1_1' title='bbox 450 514 457 527; x_wconf 92' lang='lat'><em>.</em></span> <span class='ocrx_word' id='word_1_2' title='bbox 514 430 676 487; x_wconf 81' lang='lat' dir='ltr'><strong>Conlatio</strong></span> <span class='ocrx_word' id='word_1_3' title='bbox 699 429 787 493; x_wconf 82' lang='lat' dir='ltr'>xx11,</span> <span class='ocrx_word' id='word_1_4' title='bbox 807 429 882 483; x_wconf 85' lang='lat'><strong>1-3.</strong></span> <span class='ocrx_word' id='word_1_5' title='bbox 1200 432 1261 498; x_wconf 83' lang='grc'><strong>617</strong></span> 
     </span>
    </p>
   </div>
   <div class='ocr_carea' id='block_1_2' title="bbox 95 617 1290 1737">
    <p class='ocr_par' dir='ltr' id='par_1_2' title="bbox 95 617 1290 1737">
     <span class='ocr_line' id='line_1_2' title="bbox 131 617 1290 703; baseline 0.004 -18"><span class='ocrx_word' id='word_1_6' title='bbox 131 619 188 685; x_wconf 83' lang='lat' dir='ltr'><strong>aed</strong></span> <span class='ocrx_word' id='word_1_7' title='bbox 208 620 248 685; x_wconf 81' lang='lat' dir='ltr'><strong>de</strong></span> <span class='ocrx_word' id='word_1_8' title='bbox 269 620 433 685; x_wconf 71' lang='lat' dir='ltr'>nimietate</span> <span class='ocrx_word' id='word_1_9' title='bbox 454 619 640 702; x_wconf 86' lang='lat' dir='ltr'><strong>praeteritae</strong></span> <span class='ocrx_word' id='word_1_10' title='bbox 660 618 836 685; x_wconf 71' lang='lat' dir='ltr'><strong>saturitatis</strong></span> <span class='ocrx_word' id='word_1_11' title='bbox 859 617 1039 684; x_wconf 82' lang='lat' dir='ltr'><strong>effunditur.</strong></span> <span class='ocrx_word' id='word_1_12' title='bbox 1071 620 1153 703; x_wconf 84' lang='lat' dir='ltr'><strong>qnod</strong></span> <span class='ocrx_word' id='word_1_13' title='bbox 1176 620 1290 690; x_wconf 68' lang='lat' dir='ltr'><strong>enimi</strong></span> 
     </span>
     <span class='ocr_line' id='line_1_3' title="bbox 131 722 1259 807; baseline -0.001 -19"><span class='ocrx_word' id='word_1_14' title='bbox 131 742 187 805; x_wconf 89' lang='lat' dir='ltr'><strong>per</strong></span> <span class='ocrx_word' id='word_1_15' title='bbox 208 723 389 789; x_wconf 61' lang='lat' dir='ltr'><strong>nomentio</strong></span> <span class='ocrx_word' id='word_1_16' title='bbox 403 722 578 807; x_wconf 89' lang='lat' dir='ltr'><strong>ingluuiem</strong></span> <span class='ocrx_word' id='word_1_17' title='bbox 593 726 771 787; x_wconf 88' lang='lat' dir='ltr'><strong>concretum</strong></span> <span class='ocrx_word' id='word_1_18' title='bbox 797 722 899 787; x_wconf 82' lang='lat' dir='ltr'><strong>iuerat</strong></span> <span class='ocrx_word' id='word_1_19' title='bbox 912 723 945 787; x_wconf 94' lang='lat' dir='ltr'><strong>in</strong></span> <span class='ocrx_word' id='word_1_20' title='bbox 961 723 1119 801; x_wconf 77' lang='lat' dir='ltr'><strong>medullis,</strong></span> <span class='ocrx_word' id='word_1_21' title='bbox 1135 741 1259 789; x_wconf 85' lang='lat' dir='ltr'><strong>necesse</strong></span> 
     </span>
     <span class='ocr_line' id='line_1_4' title="bbox 131 825 1259 910; baseline -0.001 -18"><span class='ocrx_word' id='word_1_22' title='bbox 131 829 180 893; x_wconf 92' lang='lat' dir='ltr'><strong>est</strong></span> <span class='ocrx_word' id='word_1_23' title='bbox 208 830 245 891; x_wconf 90' lang='lat' dir='ltr'><strong>ut</strong></span> <span class='ocrx_word' id='word_1_24' title='bbox 272 845 327 909; x_wconf 91' lang='lat' dir='ltr'><strong>per</strong></span> <span class='ocrx_word' id='word_1_25' title='bbox 352 827 518 910; x_wconf 86' lang='lat' dir='ltr'><strong>pruritum,</strong></span> <span class='ocrx_word' id='word_1_26' title='bbox 549 828 634 891; x_wconf 89' lang='lat' dir='ltr'><strong>certe</strong></span> <span class='ocrx_word' id='word_1_27' title='bbox 663 844 716 909; x_wconf 91' lang='lat' dir='ltr'><strong>per</strong></span> <span class='ocrx_word' id='word_1_28' title='bbox 744 825 954 909; x_wconf 86' lang='lat' dir='ltr'><strong>ignorantiam</strong></span> <span class='ocrx_word' id='word_1_29' title='bbox 981 826 1126 908; x_wconf 87' lang='lat' dir='ltr'><strong>quamuis</strong></span> <span class='ocrx_word' id='word_1_30' title='bbox 1148 844 1259 910; x_wconf 89' lang='lat' dir='ltr'><strong>magno</strong></span> 
     </span>
     <span class='ocr_line' id='line_1_5' title="bbox 131 929 1259 1015; baseline 0 -20"><span class='ocrx_word' id='word_1_31' title='bbox 131 930 251 997; x_wconf 89' lang='lat' dir='ltr'><strong>ieiunio</strong></span> <span class='ocrx_word' id='word_1_32' title='bbox 283 930 433 997; x_wconf 82' lang='lat' dir='ltr'><strong>tabefacti</strong></span> <span class='ocrx_word' id='word_1_33' title='bbox 465 929 600 1013; x_wconf 87' lang='lat' dir='ltr'><strong>corporis</strong></span> <span class='ocrx_word' id='word_1_34' title='bbox 632 933 787 1015; x_wconf 76' lang='lat' dir='ltr'><strong>egeratur.</strong></span> <span class='ocrx_word' id='word_1_35' title='bbox 832 929 1033 1012; x_wconf 87' lang='lat' dir='ltr'><strong>quamobrem</strong></span> <span class='ocrx_word' id='word_1_36' title='bbox 1068 949 1129 995; x_wconf 90' lang='lat' dir='ltr'><strong>non</strong></span> <span class='ocrx_word' id='word_1_37' title='bbox 1159 931 1259 997; x_wconf 89' lang='lat' dir='ltr'><strong>solum</strong></span> 
     </span>
     <span class='ocr_line' id='line_1_6' title="bbox 108 1032 1259 1117; baseline -0.003 -17"><span class='ocrx_word' id='word_1_38' title='bbox 108 1035 319 1101; x_wconf 71' lang='lat' dir='ltr'><strong>electioribus</strong></span> <span class='ocrx_word' id='word_1_39' title='bbox 345 1032 446 1117; x_wconf 86' lang='lat' dir='ltr'><strong>epulis</strong></span> <span class='ocrx_word' id='word_1_40' title='bbox 474 1033 705 1109; x_wconf 68' lang='lat' dir='ltr'><strong>absfinendnm,</strong></span> <span class='ocrx_word' id='word_1_41' title='bbox 733 1034 787 1099; x_wconf 89' lang='lat' dir='ltr'><strong>sed</strong></span> <span class='ocrx_word' id='word_1_42' title='bbox 817 1032 915 1097; x_wconf 89' lang='lat' dir='ltr'><strong>etiam</strong></span> <span class='ocrx_word' id='word_1_43' title='bbox 942 1052 960 1097; x_wconf 93' lang='lat' dir='ltr'><strong>a</strong></span> <span class='ocrx_word' id='word_1_44' title='bbox 987 1032 1151 1099; x_wconf 88' lang='lat' dir='ltr'><strong>nilioribus</strong></span> <span class='ocrx_word' id='word_1_45' title='bbox 1179 1032 1259 1098; x_wconf 90' lang='lat' dir='ltr'><strong>cibis</strong></span> 
     </span>
     <span class='ocr_line' id='line_1_7' title="bbox 131 1135 1258 1221; baseline -0.002 -18"><span class='ocrx_word' id='word_1_46' title='bbox 131 1137 257 1221; x_wconf 82' lang='lat' dir='ltr'><strong>aequali</strong></span> <span class='ocrx_word' id='word_1_47' title='bbox 278 1142 327 1203; x_wconf 86' lang='lat' dir='ltr'><strong>eet</strong></span> <span class='ocrx_word' id='word_1_48' title='bbox 348 1136 542 1203; x_wconf 80' lang='lat' dir='ltr'><strong>rontinentia</strong></span> <span class='ocrx_word' id='word_1_49' title='bbox 563 1137 815 1218; x_wconf 83' lang='lat' dir='ltr'><strong>temperandum:</strong></span> <span class='ocrx_word' id='word_1_50' title='bbox 835 1137 929 1200; x_wconf 90' lang='lat' dir='ltr'><strong>immo</strong></span> <span class='ocrx_word' id='word_1_51' title='bbox 946 1135 1044 1217; x_wconf 88' lang='lat' dir='ltr'><strong>ipsius</strong></span> <span class='ocrx_word' id='word_1_52' title='bbox 1059 1136 1155 1201; x_wconf 89' lang='lat' dir='ltr'><strong>otiam</strong></span> <span class='ocrx_word' id='word_1_53' title='bbox 1171 1138 1258 1218; x_wconf 89' lang='lat' dir='ltr'><strong>penis</strong></span> 
     </span>
     <span class='ocr_line' id='line_1_8' title="bbox 131 1239 1260 1323; baseline -0.004 -16"><span class='ocrx_word' id='word_1_54' title='bbox 131 1250 165 1307; x_wconf 87' lang='lat' dir='ltr'><strong>et</strong></span> <span class='ocrx_word' id='word_1_55' title='bbox 186 1260 285 1323; x_wconf 86' lang='lat' dir='ltr'><strong>aquae</strong></span> <span class='ocrx_word' id='word_1_56' title='bbox 307 1242 437 1307; x_wconf 85' lang='lat' dir='ltr'><strong>satietas</strong></span> <span class='ocrx_word' id='word_1_57' title='bbox 459 1242 507 1305; x_wconf 89' lang='lat' dir='ltr'><strong>ost</strong></span> <span class='ocrx_word' id='word_1_58' title='bbox 529 1240 678 1316; x_wconf 80' lang='lat' dir='ltr'><strong>canenda,</strong></span> <span class='ocrx_word' id='word_1_59' title='bbox 706 1246 741 1303; x_wconf 92' lang='lat' dir='ltr'><strong>nt</strong></span> <span class='ocrx_word' id='word_1_60' title='bbox 764 1240 861 1321; x_wconf 88' lang='lat' dir='ltr'><strong>possit</strong></span> <span class='ocrx_word' id='word_1_61' title='bbox 881 1239 936 1304; x_wconf 87' lang='lat' dir='ltr'><strong>diu</strong></span> <span class='ocrx_word' id='word_1_62' title='bbox 951 1240 982 1303; x_wconf 90' lang='lat' dir='ltr'><strong>in</strong></span> <span class='ocrx_word' id='word_1_63' title='bbox 999 1240 1087 1305; x_wconf 90' lang='lat' dir='ltr'><strong>nobis</strong></span> <span class='ocrx_word' id='word_1_64' title='bbox 1103 1239 1260 1320; x_wconf 85' lang='lat' dir='ltr'><strong>adquisita</strong></span> 
     </span>
     <span class='ocr_line' id='line_1_9' title="bbox 131 1343 1258 1428; baseline -0.003 -18"><span class='ocrx_word' id='word_1_65' title='bbox 131 1346 267 1428; x_wconf 89' lang='lat' dir='ltr'><strong>corporis</strong></span> <span class='ocrx_word' id='word_1_66' title='bbox 282 1344 404 1427; x_wconf 86' lang='lat' dir='ltr'><strong>puritas</strong></span> <span class='ocrx_word' id='word_1_67' title='bbox 418 1362 598 1425; x_wconf 86' lang='lat' dir='ltr'><strong>permanere</strong></span> <span class='ocrx_word' id='word_1_68' title='bbox 616 1348 710 1425; x_wconf 88' lang='lat' dir='ltr'><strong>atque</strong></span> <span class='ocrx_word' id='word_1_69' title='bbox 721 1343 841 1407; x_wconf 84' lang='lat' dir='ltr'><strong>imitari</strong></span> <span class='ocrx_word' id='word_1_70' title='bbox 853 1344 1077 1425; x_wconf 86' lang='lat' dir='ltr'><strong>quodammodo</strong></span> <span class='ocrx_word' id='word_1_71' title='bbox 1090 1344 1258 1409; x_wconf 86' lang='lat' dir='ltr'><strong>intemera-</strong></span> 
     </span>
     <span class='ocr_line' id='line_1_10' title="bbox 130 1444 1258 1528; baseline -0.004 -15"><span class='ocrx_word' id='word_1_72' title='bbox 130 1450 200 1514; x_wconf 90' lang='lat' dir='ltr'><strong>tam</strong></span> <span class='ocrx_word' id='word_1_73' title='bbox 222 1447 354 1528; x_wconf 88' lang='lat' dir='ltr'><strong>spiritus</strong></span> <span class='ocrx_word' id='word_1_74' title='bbox 377 1449 566 1525; x_wconf 83' lang='lat' dir='ltr'><strong>castitatem,</strong></span> <span class='ocrx_word' id='word_1_75' title='bbox 582 1447 658 1512; x_wconf 90' lang='lat' dir='ltr'><strong>lieet</strong></span> <span class='ocrx_word' id='word_1_76' title='bbox 678 1465 734 1511; x_wconf 94' lang='lat' dir='ltr'><strong>nos</strong></span> <span class='ocrx_word' id='word_1_77' title='bbox 749 1464 873 1511; x_wconf 88' lang='lat' dir='ltr'><strong>necesse</strong></span> <span class='ocrx_word' id='word_1_78' title='bbox 889 1446 932 1511; x_wconf 88' lang='lat' dir='ltr'><strong>eit</strong></span> <span class='ocrx_word' id='word_1_79' title='bbox 947 1444 1086 1510; x_wconf 85' lang='lat' dir='ltr'><strong>confiteri</strong></span> <span class='ocrx_word' id='word_1_80' title='bbox 1100 1445 1258 1510; x_wconf 88' lang='lat' dir='ltr'><strong>interdum</strong></span> 
     </span>
     <span class='ocr_line' id='line_1_11' title="bbox 95 1550 1257 1634; baseline -0.007 -13"><span class='ocrx_word' id='word_1_81' title='bbox 95 1552 230 1621; x_wconf 76' lang='lat' dir='ltr'><strong>raetiam</strong></span> <span class='ocrx_word' id='word_1_82' title='bbox 258 1550 379 1634; x_wconf 84' lang='lat' dir='ltr'><strong>absque</strong></span> <span class='ocrx_word' id='word_1_83' title='bbox 403 1551 468 1616; x_wconf 90' lang='lat' dir='ltr'><strong>ulla</strong></span> <span class='ocrx_word' id='word_1_84' title='bbox 496 1550 611 1616; x_wconf 87' lang='lat' dir='ltr'><strong>mentis</strong></span> <span class='ocrx_word' id='word_1_85' title='bbox 640 1550 798 1615; x_wconf 85' lang='lat' dir='ltr'><strong>industria</strong></span> <span class='ocrx_word' id='word_1_86' title='bbox 828 1551 878 1614; x_wconf 91' lang='lat' dir='ltr'><strong>uel</strong></span> <span class='ocrx_word' id='word_1_87' title='bbox 909 1567 965 1632; x_wconf 90' lang='lat' dir='ltr'><strong>per</strong></span> <span class='ocrx_word' id='word_1_88' title='bbox 987 1550 1168 1631; x_wconf 86' lang='lat' dir='ltr'><strong>temperiem</strong></span> <span class='ocrx_word' id='word_1_89' title='bbox 1192 1566 1257 1614; x_wconf 91' lang='lat' dir='ltr'><strong>cor·</strong></span> 
     </span>
     <span class='ocr_line' id='line_1_12' title="bbox 130 1652 1258 1737; baseline -0.002 -18"><span class='ocrx_word' id='word_1_90' title='bbox 130 1672 245 1736; x_wconf 88' lang='lat' dir='ltr'><strong>porum</strong></span> <span class='ocrx_word' id='word_1_91' title='bbox 275 1656 327 1719; x_wconf 90' lang='lat' dir='ltr'><strong>uel</strong></span> <span class='ocrx_word' id='word_1_92' title='bbox 356 1673 411 1737; x_wconf 88' lang='lat' dir='ltr'><strong>per</strong></span> <span class='ocrx_word' id='word_1_93' title='bbox 439 1654 552 1719; x_wconf 87' lang='lat' dir='ltr'><strong>aetatis</strong></span> <span class='ocrx_word' id='word_1_94' title='bbox 573 1655 791 1719; x_wconf 84' lang='lat' dir='ltr'><strong>maturitatem</strong></span> <span class='ocrx_word' id='word_1_95' title='bbox 813 1653 963 1735; x_wconf 89' lang='lat' dir='ltr'><strong>quosdam</strong></span> <span class='ocrx_word' id='word_1_96' title='bbox 985 1652 1085 1719; x_wconf 87' lang='lat' dir='ltr'><strong>rarius</strong></span> <span class='ocrx_word' id='word_1_97' title='bbox 1107 1652 1258 1719; x_wconf 80' lang='lat' dir='ltr'><strong>sordidari</strong></span> 
     </span>
    </p>
   </div>
   <div class='ocr_carea' id='block_1_3' title="bbox 130 1755 1404 1845">
    <p class='ocr_par' dir='ltr' id='par_1_3' title="bbox 130 1755 1404 1845">
     <span class='ocr_line' id='line_1_13' title="bbox 130 1755 1404 1845; baseline 0.005 -24"><span class='ocrx_word' id='word_1_98' title='bbox 130 1758 186 1823; x_wconf 90' lang='lat' dir='ltr'><strong>uel</strong></span> <span class='ocrx_word' id='word_1_99' title='bbox 207 1759 290 1821; x_wconf 87' lang='lat' dir='ltr'><strong>certe</strong></span> <span class='ocrx_word' id='word_1_100' title='bbox 312 1756 414 1822; x_wconf 82' lang='lat' dir='ltr'><strong>fluxus</strong></span> <span class='ocrx_word' id='word_1_101' title='bbox 429 1756 520 1821; x_wconf 86' lang='lat' dir='ltr'><strong>istius</strong></span> <span class='ocrx_word' id='word_1_102' title='bbox 536 1757 692 1839; x_wconf 81' lang='lat' dir='ltr'><strong>egestione</strong></span> <span class='ocrx_word' id='word_1_103' title='bbox 714 1775 775 1820; x_wconf 91' lang='lat' dir='ltr'><strong>non</strong></span> <span class='ocrx_word' id='word_1_104' title='bbox 791 1756 899 1838; x_wconf 90' lang='lat' dir='ltr'><strong>pollui.</strong></span> <span class='ocrx_word' id='word_1_105' title='bbox 936 1755 990 1819; x_wconf 86' lang='lat' dir='ltr'><strong>sed</strong></span> <span class='ocrx_word' id='word_1_106' title='bbox 1007 1756 1136 1821; x_wconf 86' lang='lat' dir='ltr'><strong>alterius</strong></span> <span class='ocrx_word' id='word_1_107' title='bbox 1152 1756 1288 1826; x_wconf 83' lang='lat' dir='ltr'><strong>meriti3</strong></span> <span class='ocrx_word' id='word_1_108' title='bbox 1400 1832 1404 1845; x_wconf 60' lang='grc'><strong>,</strong></span> 
     </span>
    </p>
   </div>
   <div class='ocr_carea' id='block_1_4' title="bbox 89 1860 1287 3491">
    <p class='ocr_par' dir='ltr' id='par_1_4' title="bbox 89 1860 1287 3491">
     <span class='ocr_line' id='line_1_14' title="bbox 130 1860 1259 1942; baseline -0.001 -17"><span class='ocrx_word' id='word_1_109' title='bbox 130 1864 179 1925; x_wconf 87' lang='lat' dir='ltr'><strong>est</strong></span> <span class='ocrx_word' id='word_1_110' title='bbox 214 1861 268 1941; x_wconf 88' lang='lat' dir='ltr'><strong>qui</strong></span> <span class='ocrx_word' id='word_1_111' title='bbox 303 1876 411 1941; x_wconf 89' lang='lat' dir='ltr'><strong>pacem</strong></span> <span class='ocrx_word' id='word_1_112' title='bbox 455 1860 548 1925; x_wconf 87' lang='lat' dir='ltr'><strong>inerti</strong></span> <span class='ocrx_word' id='word_1_113' title='bbox 592 1860 743 1923; x_wconf 87' lang='lat' dir='ltr'><strong>felicitate</strong></span> <span class='ocrx_word' id='word_1_114' title='bbox 787 1861 992 1940; x_wconf 80' lang='lat' dir='ltr'><strong>consequitur,</strong></span> <span class='ocrx_word' id='word_1_115' title='bbox 1037 1861 1168 1931; x_wconf 85' lang='lat' dir='ltr'><strong>alterins</strong></span> <span class='ocrx_word' id='word_1_116' title='bbox 1206 1860 1259 1942; x_wconf 88' lang='lat' dir='ltr'><strong>qui</strong></span> 
     </span>
     <span class='ocr_line' id='line_1_15' title="bbox 129 1962 1259 2047; baseline -0.002 -18"><span class='ocrx_word' id='word_1_117' title='bbox 129 1965 327 2047; x_wconf 89' lang='lat' dir='ltr'><strong>triumphum</strong></span> <span class='ocrx_word' id='word_1_118' title='bbox 376 1964 519 2046; x_wconf 85' lang='lat' dir='ltr'><strong>gloriosis</strong></span> <span class='ocrx_word' id='word_1_119' title='bbox 563 1962 737 2028; x_wconf 87' lang='lat' dir='ltr'><strong>uirtutibus</strong></span> <span class='ocrx_word' id='word_1_120' title='bbox 781 1965 987 2045; x_wconf 88' lang='lat' dir='ltr'><strong>promeretur:</strong></span> <span class='ocrx_word' id='word_1_121' title='bbox 1036 1962 1128 2028; x_wconf 89' lang='lat' dir='ltr'><strong>huius</strong></span> <span class='ocrx_word' id='word_1_122' title='bbox 1173 1963 1259 2028; x_wconf 90' lang='lat' dir='ltr'><strong>enim</strong></span> 
     </span>
     <span class='ocr_line' id='line_1_16' title="bbox 94 2066 1257 2149; baseline -0.003 -17"><span class='ocrx_word' id='word_1_123' title='bbox 94 2069 270 2149; x_wconf 63' lang='lat' dir='ltr'><strong>repetentia</strong></span> <span class='ocrx_word' id='word_1_124' title='bbox 305 2066 456 2133; x_wconf 89' lang='lat' dir='ltr'><strong>uitiorum</strong></span> <span class='ocrx_word' id='word_1_125' title='bbox 493 2070 633 2133; x_wconf 78' lang='lat' dir='ltr'><strong>omnium</strong></span> <span class='ocrx_word' id='word_1_126' title='bbox 671 2067 853 2133; x_wconf 83' lang='lat' dir='ltr'><strong>debellatrix</strong></span> <span class='ocrx_word' id='word_1_127' title='bbox 886 2068 982 2149; x_wconf 88' lang='lat' dir='ltr'><strong>digna</strong></span> <span class='ocrx_word' id='word_1_128' title='bbox 1013 2066 1166 2131; x_wconf 87' lang='lat' dir='ltr'><strong>miraculo</strong></span> <span class='ocrx_word' id='word_1_129' title='bbox 1199 2070 1257 2147; x_wconf 89' lang='lat' dir='ltr'><strong>est,</strong></span> 
     </span>
     <span class='ocr_line' id='line_1_17' title="bbox 129 2169 1257 2253; baseline -0.003 -17"><span class='ocrx_word' id='word_1_130' title='bbox 129 2170 234 2245; x_wconf 82' lang='lat' dir='ltr'><strong>illum,</strong></span> <span class='ocrx_word' id='word_1_131' title='bbox 265 2188 357 2253; x_wconf 90' lang='lat' dir='ltr'><strong>quem</strong></span> <span class='ocrx_word' id='word_1_132' title='bbox 386 2171 460 2237; x_wconf 96' lang='grc' dir='ltr'><strong>1)οηί</strong></span> <span class='ocrx_word' id='word_1_133' title='bbox 487 2172 656 2235; x_wconf 87' lang='lat' dir='ltr'><strong>necessitas</strong></span> <span class='ocrx_word' id='word_1_134' title='bbox 685 2170 719 2235; x_wconf 92' lang='lat' dir='ltr'><strong>in</strong></span> <span class='ocrx_word' id='word_1_135' title='bbox 747 2188 803 2234; x_wconf 83' lang='lat' dir='ltr'><strong>sno</strong></span> <span class='ocrx_word' id='word_1_136' title='bbox 831 2174 938 2235; x_wconf 88' lang='lat' dir='ltr'><strong>tuetur</strong></span> <span class='ocrx_word' id='word_1_137' title='bbox 966 2170 1103 2253; x_wconf 83' lang='lat' dir='ltr'><strong>ignauia,</strong></span> <span class='ocrx_word' id='word_1_138' title='bbox 1127 2169 1257 2253; x_wconf 85' lang='lat' dir='ltr'><strong>dignum</strong></span> 
     </span>
     <span class='ocr_line' id='line_1_18' title="bbox 129 2270 1287 2356; baseline -0.003 -19"><span class='ocrx_word' id='word_1_139' title='bbox 129 2274 232 2356; x_wconf 85' lang='lat' dir='ltr'><strong>magis</strong></span> <span class='ocrx_word' id='word_1_140' title='bbox 253 2272 384 2339; x_wconf 67' lang='lat' dir='ltr'><strong>(luerim</strong></span> <span class='ocrx_word' id='word_1_141' title='bbox 405 2274 610 2339; x_wconf 88' lang='lat' dir='ltr'><strong>miseratione</strong></span> <span class='ocrx_word' id='word_1_142' title='bbox 631 2291 725 2355; x_wconf 89' lang='lat' dir='ltr'><strong>quam</strong></span> <span class='ocrx_word' id='word_1_143' title='bbox 753 2273 853 2337; x_wconf 86' lang='lat' dir='ltr'><strong>laude.</strong></span> <span class='ocrx_word' id='word_1_144' title='bbox 888 2270 1022 2338; x_wconf 83' lang='lat' dir='ltr'><strong>secunda</strong></span> <span class='ocrx_word' id='word_1_145' title='bbox 1044 2271 1149 2353; x_wconf 90' lang='lat' dir='ltr'><strong>inpnri</strong></span> <span class='ocrx_word' id='word_1_146' title='bbox 1171 2270 1287 2341; x_wconf 71' lang='lat' dir='ltr'><strong>illinet</strong></span> 
     </span>
     <span class='ocr_line' id='line_1_19' title="bbox 129 2372 1256 2459; baseline -0.004 -18"><span class='ocrx_word' id='word_1_147' title='bbox 129 2375 275 2459; x_wconf 84' lang='lat' dir='ltr'><strong>proflunii</strong></span> <span class='ocrx_word' id='word_1_148' title='bbox 297 2393 389 2441; x_wconf 85' lang='lat' dir='ltr'><strong>cauea</strong></span> <span class='ocrx_word' id='word_1_149' title='bbox 411 2379 469 2451; x_wconf 88' lang='lat' dir='ltr'><strong>eet,</strong></span> <span class='ocrx_word' id='word_1_150' title='bbox 491 2376 519 2440; x_wconf 90' lang='lat' dir='ltr'><strong>si</strong></span> <span class='ocrx_word' id='word_1_151' title='bbox 542 2394 629 2441; x_wconf 90' lang='lat' dir='ltr'><strong>mens</strong></span> <span class='ocrx_word' id='word_1_152' title='bbox 651 2375 847 2458; x_wconf 84' lang='lat' dir='ltr'><strong>spiritalibus</strong></span> <span class='ocrx_word' id='word_1_153' title='bbox 863 2375 976 2441; x_wconf 87' lang='lat' dir='ltr'><strong>studiis</strong></span> <span class='ocrx_word' id='word_1_154' title='bbox 991 2378 1084 2456; x_wconf 86' lang='lat' dir='ltr'><strong>atquc</strong></span> <span class='ocrx_word' id='word_1_155' title='bbox 1099 2372 1256 2439; x_wconf 86' lang='lat' dir='ltr'><strong>exercitiis</strong></span> 
     </span>
     <span class='ocr_line' id='line_1_20' title="bbox 127 2478 1256 2561; baseline -0.005 -14"><span class='ocrx_word' id='word_1_156' title='bbox 127 2483 263 2547; x_wconf 74' lang='lat' dir='ltr'><strong>menan</strong></span> <span class='ocrx_word' id='word_1_157' title='bbox 290 2498 348 2544; x_wconf 91' lang='lat' dir='ltr'><strong>nec</strong></span> <span class='ocrx_word' id='word_1_158' title='bbox 376 2479 551 2561; x_wconf 83' lang='lat' dir='ltr'><strong>disciplinis</strong></span> <span class='ocrx_word' id='word_1_159' title='bbox 579 2479 737 2544; x_wconf 86' lang='lat' dir='ltr'><strong>interioris</strong></span> <span class='ocrx_word' id='word_1_160' title='bbox 766 2480 901 2545; x_wconf 89' lang='lat' dir='ltr'><strong>hominis</strong></span> <span class='ocrx_word' id='word_1_161' title='bbox 930 2479 1076 2543; x_wconf 86' lang='lat' dir='ltr'><strong>instituta</strong></span> <span class='ocrx_word' id='word_1_162' title='bbox 1102 2478 1256 2559; x_wconf 86' lang='lat' dir='ltr'><strong>quendam</strong></span> 
     </span>
     <span class='ocr_line' id='line_1_21' title="bbox 91 2580 1256 2668; baseline -0.007 -16"><span class='ocrx_word' id='word_1_163' title='bbox 91 2581 192 2652; x_wconf 69' lang='lat' dir='ltr'><strong>»ubi</strong></span> <span class='ocrx_word' id='word_1_164' title='bbox 228 2583 382 2668; x_wconf 82' lang='lat' dir='ltr'><strong>segnitiae</strong></span> <span class='ocrx_word' id='word_1_165' title='bbox 426 2584 522 2650; x_wconf 89' lang='lat' dir='ltr'><strong>situm</strong></span> <span class='ocrx_word' id='word_1_166' title='bbox 558 2602 613 2665; x_wconf 88' lang='lat' dir='ltr'><strong>per</strong></span> <span class='ocrx_word' id='word_1_167' title='bbox 650 2583 903 2649; x_wconf 86' lang='lat' dir='ltr'><strong>consuetudinem</strong></span> <span class='ocrx_word' id='word_1_168' title='bbox 948 2584 1086 2649; x_wconf 88' lang='lat' dir='ltr'><strong>continui</strong></span> <span class='ocrx_word' id='word_1_169' title='bbox 1124 2580 1256 2664; x_wconf 89' lang='lat' dir='ltr'><strong>torporis</strong></span> 
     </span>
     <span class='ocr_line' id='line_1_22' title="bbox 128 2686 1256 2770; baseline -0.004 -16"><span class='ocrx_word' id='word_1_170' title='bbox 128 2689 302 2767; x_wconf 85' lang='lat' dir='ltr'><strong>obduxerit,</strong></span> <span class='ocrx_word' id='word_1_171' title='bbox 328 2693 383 2752; x_wconf 93' lang='lat' dir='ltr'><strong>ant</strong></span> <span class='ocrx_word' id='word_1_172' title='bbox 416 2706 488 2754; x_wconf 92' lang='lat' dir='ltr'><strong>cum</strong></span> <span class='ocrx_word' id='word_1_173' title='bbox 522 2686 716 2752; x_wconf 85' lang='lat' dir='ltr'><strong>sordidarum</strong></span> <span class='ocrx_word' id='word_1_174' title='bbox 751 2688 977 2770; x_wconf 85' lang='lat' dir='ltr'><strong>cogitationum</strong></span> <span class='ocrx_word' id='word_1_175' title='bbox 1011 2687 1162 2752; x_wconf 89' lang='lat' dir='ltr'><strong>minutias</strong></span> <span class='ocrx_word' id='word_1_176' title='bbox 1196 2703 1256 2750; x_wconf 92' lang='lat' dir='ltr'><strong>non</strong></span> 
     </span>
     <span class='ocr_line' id='line_1_23' title="bbox 128 2789 1256 2872; baseline -0.002 -16"><span class='ocrx_word' id='word_1_177' title='bbox 128 2789 269 2856; x_wconf 88' lang='lat' dir='ltr'><strong>canendo</strong></span> <span class='ocrx_word' id='word_1_178' title='bbox 298 2789 347 2856; x_wconf 90' lang='lat' dir='ltr'><strong>ita</strong></span> <span class='ocrx_word' id='word_1_179' title='bbox 375 2789 463 2856; x_wconf 92' lang='lat' dir='ltr'><strong>illam</strong></span> <span class='ocrx_word' id='word_1_180' title='bbox 495 2789 595 2855; x_wconf 85' lang='lat' dir='ltr'><strong>cordis</strong></span> <span class='ocrx_word' id='word_1_181' title='bbox 624 2789 883 2855; x_wconf 88' lang='lat' dir='ltr'><strong>sublimissimam</strong></span> <span class='ocrx_word' id='word_1_182' title='bbox 917 2791 1087 2872; x_wconf 87' lang='lat' dir='ltr'><strong>puritatem</strong></span> <span class='ocrx_word' id='word_1_183' title='bbox 1118 2791 1256 2872; x_wconf 90' lang='lat' dir='ltr'><strong>segniter</strong></span> 
     </span>
     <span class='ocr_line' id='line_1_24' title="bbox 128 2893 1255 2974; baseline 0.001 -16"><span class='ocrx_word' id='word_1_184' title='bbox 128 2894 331 2974; x_wconf 83' lang='lat' dir='ltr'><strong>concupiscit,</strong></span> <span class='ocrx_word' id='word_1_185' title='bbox 360 2898 397 2958; x_wconf 91' lang='lat' dir='ltr'><strong>nt</strong></span> <span class='ocrx_word' id='word_1_186' title='bbox 424 2911 549 2958; x_wconf 90' lang='lat' dir='ltr'><strong>omnem</strong></span> <span class='ocrx_word' id='word_1_187' title='bbox 578 2893 777 2974; x_wconf 89' lang='lat' dir='ltr'><strong>perfectionis</strong></span> <span class='ocrx_word' id='word_1_188' title='bbox 806 2895 838 2957; x_wconf 89' lang='lat' dir='ltr'><strong>et</strong></span> <span class='ocrx_word' id='word_1_189' title='bbox 867 2895 1067 2958; x_wconf 88' lang='lat' dir='ltr'><strong>castimoniae</strong></span> <span class='ocrx_word' id='word_1_190' title='bbox 1099 2911 1255 2959; x_wconf 89' lang='lat' dir='ltr'><strong>summam</strong></span> 
     </span>
     <span class='ocr_line' id='line_1_25' title="bbox 128 2995 1256 3080; baseline 0.002 -20"><span class='ocrx_word' id='word_1_191' title='bbox 128 2995 163 3060; x_wconf 94' lang='lat' dir='ltr'><strong>in</strong></span> <span class='ocrx_word' id='word_1_192' title='bbox 186 2995 253 3060; x_wconf 91' lang='lat' dir='ltr'><strong>sola</strong></span> <span class='ocrx_word' id='word_1_193' title='bbox 274 2996 382 3061; x_wconf 83' lang='lat' dir='ltr'><strong>credat</strong></span> <span class='ocrx_word' id='word_1_194' title='bbox 402 2996 563 3060; x_wconf 86' lang='lat' dir='ltr'><strong>exterioris</strong></span> <span class='ocrx_word' id='word_1_195' title='bbox 580 2995 717 3061; x_wconf 88' lang='lat' dir='ltr'><strong>hominis</strong></span> <span class='ocrx_word' id='word_1_196' title='bbox 733 2997 937 3080; x_wconf 79' lang='lat' dir='ltr'><strong>castigatione</strong></span> <span class='ocrx_word' id='word_1_197' title='bbox 954 2997 1133 3064; x_wconf 89' lang='lat' dir='ltr'><strong>consistere.</strong></span> <span class='ocrx_word' id='word_1_198' title='bbox 1168 2998 1256 3062; x_wconf 85' lang='lat' dir='ltr'><strong>cuins</strong></span> 
     </span>
     <span class='ocr_line' id='line_1_26' title="bbox 89 3097 1256 3181; baseline -0.004 -13"><span class='ocrx_word' id='word_1_199' title='bbox 89 3100 240 3168; x_wconf 74' lang='lat' dir='ltr'><strong>morioris</strong></span> <span class='ocrx_word' id='word_1_200' title='bbox 273 3102 366 3180; x_wconf 88' lang='lat' dir='ltr'><strong>atque</strong></span> <span class='ocrx_word' id='word_1_201' title='bbox 398 3100 557 3164; x_wconf 83' lang='lat' dir='ltr'><strong>socordiae</strong></span> <span class='ocrx_word' id='word_1_202' title='bbox 590 3097 670 3164; x_wconf 88' lang='lat' dir='ltr'><strong>uitio</strong></span> <span class='ocrx_word' id='word_1_203' title='bbox 707 3103 930 3181; x_wconf 88' lang='lat' dir='ltr'><strong>consequenter</strong></span> <span class='ocrx_word' id='word_1_204' title='bbox 963 3101 1094 3172; x_wconf 88' lang='lat' dir='ltr'><strong>eueniet,</strong></span> <span class='ocrx_word' id='word_1_205' title='bbox 1129 3100 1167 3164; x_wconf 90' lang='lat' dir='ltr'><strong>nt</strong></span> <span class='ocrx_word' id='word_1_206' title='bbox 1195 3118 1256 3165; x_wconf 92' lang='lat' dir='ltr'><strong>non</strong></span> 
     </span>
     <span class='ocr_line' id='line_1_27' title="bbox 127 3200 1256 3285; baseline 0 -19"><span class='ocrx_word' id='word_1_207' title='bbox 127 3201 232 3266; x_wconf 81' lang='lat' dir='ltr'><strong>solnm</strong></span> <span class='ocrx_word' id='word_1_208' title='bbox 261 3200 451 3266; x_wconf 89' lang='lat' dir='ltr'><strong>multimoda</strong></span> <span class='ocrx_word' id='word_1_209' title='bbox 474 3201 699 3284; x_wconf 86' lang='lat' dir='ltr'><strong>cogitationum</strong></span> <span class='ocrx_word' id='word_1_210' title='bbox 724 3203 909 3285; x_wconf 88' lang='lat' dir='ltr'><strong>pernegatio</strong></span> <span class='ocrx_word' id='word_1_211' title='bbox 932 3203 1140 3268; x_wconf 83' lang='lat' dir='ltr'><strong>inuerecunda</strong></span> <span class='ocrx_word' id='word_1_212' title='bbox 1163 3209 1256 3285; x_wconf 89' lang='lat' dir='ltr'><strong>atque</strong></span> 
     </span>
     <span class='ocr_line' id='line_1_28' title="bbox 126 3303 1255 3388; baseline 0.003 -21"><span class='ocrx_word' id='word_1_213' title='bbox 126 3303 302 3384; x_wconf 85' lang='lat' dir='ltr'><strong>procaciter</strong></span> <span class='ocrx_word' id='word_1_214' title='bbox 330 3307 488 3370; x_wconf 89' lang='lat' dir='ltr'><strong>secretum</strong></span> <span class='ocrx_word' id='word_1_215' title='bbox 514 3305 628 3368; x_wconf 91' lang='lat' dir='ltr'><strong>mentis</strong></span> <span class='ocrx_word' id='word_1_216' title='bbox 657 3307 824 3386; x_wconf 87' lang='lat' dir='ltr'><strong>inrumpat,</strong></span> <span class='ocrx_word' id='word_1_217' title='bbox 856 3304 1027 3371; x_wconf 83' lang='lat' dir='ltr'><strong>sedetiam</strong></span> <span class='ocrx_word' id='word_1_218' title='bbox 1050 3305 1255 3388; x_wconf 88' lang='lat' dir='ltr'><strong>pristinarum</strong></span> 
     </span>
     <span class='ocr_line' id='line_1_29' title="bbox 128 3406 1285 3491; baseline 0.006 -21"><span class='ocrx_word' id='word_1_219' title='bbox 128 3406 270 3472; x_wconf 91' lang='lat' dir='ltr'><strong>omnium</strong></span> <span class='ocrx_word' id='word_1_220' title='bbox 293 3407 473 3488; x_wconf 84' lang='lat' dir='ltr'><strong>passionum</strong></span> <span class='ocrx_word' id='word_1_221' title='bbox 489 3407 658 3472; x_wconf 83' lang='lat' dir='ltr'><strong>introeam</strong></span> <span class='ocrx_word' id='word_1_222' title='bbox 674 3409 794 3473; x_wconf 87' lang='lat' dir='ltr'><strong>semina</strong></span> <span class='ocrx_word' id='word_1_223' title='bbox 808 3414 1016 3490; x_wconf 85' lang='lat' dir='ltr'><strong>personarent.</strong></span> <span class='ocrx_word' id='word_1_224' title='bbox 1050 3426 1127 3491; x_wconf 87' lang='lat' dir='ltr'><strong>quae</strong></span> <span class='ocrx_word' id='word_1_225' title='bbox 1144 3414 1285 3490; x_wconf 86' lang='lat' dir='ltr'><strong>qnam-5</strong></span> 
     </span>
    </p>
   </div>
   <div class='ocr_carea' id='block_1_5' title="bbox 119 3678 1255 4437">
    <p class='ocr_par' dir='ltr' id='par_1_5' title="bbox 125 3678 1255 4010">
     <span class='ocr_line' id='line_1_30' title="bbox 180 3678 1188 3751; baseline 0.005 -19"><span class='ocrx_word' id='word_1_226' title='bbox 180 3679 197 3732; x_wconf 85' lang='lat'><strong>3</strong></span> <span class='ocrx_word' id='word_1_227' title='bbox 220 3678 264 3732; x_wconf 90' lang='lat' dir='ltr'><strong>nel</strong></span> <span class='ocrx_word' id='word_1_228' title='bbox 282 3681 353 3733; x_wconf 87' lang='lat' dir='ltr'><strong>certe</strong></span> <span class='ocrx_word' id='word_1_229' title='bbox 374 3678 415 3733; x_wconf 77' lang='lat'><strong>13²</strong></span> <span class='ocrx_word' id='word_1_230' title='bbox 444 3682 492 3733; x_wconf 91' lang='lat' dir='ltr'><strong>aut</strong></span> <span class='ocrx_word' id='word_1_231' title='bbox 509 3683 579 3735; x_wconf 89' lang='lat' dir='ltr'><strong>certe</strong></span> <span class='ocrx_word' id='word_1_232' title='bbox 597 3679 658 3735; x_wconf 81' lang='lat' dir='ltr'><strong>Z‘n</strong></span> <span class='ocrx_word' id='word_1_233' title='bbox 675 3681 710 3746; x_wconf 79' lang='lat' dir='ltr'><strong>cs.</strong></span> <span class='ocrx_word' id='word_1_234' title='bbox 727 3681 752 3745; x_wconf 93' lang='lat'><strong>1,</strong></span> <span class='ocrx_word' id='word_1_235' title='bbox 771 3684 805 3735; x_wconf 83' lang='lat'><strong>12</strong></span> <span class='ocrx_word' id='word_1_236' title='bbox 908 3681 924 3735; x_wconf 87' lang='grc'>6</span> <span class='ocrx_word' id='word_1_237' title='bbox 947 3683 1029 3736; x_wconf 83' lang='lat' dir='ltr'><strong>etiem</strong></span> <span class='ocrx_word' id='word_1_238' title='bbox 1051 3683 1137 3751; x_wconf 89' lang='lat' dir='ltr'><strong>ipsius</strong></span> <span class='ocrx_word' id='word_1_239' title='bbox 1164 3682 1188 3738; x_wconf 91' lang='lat'><strong><em>0</em></strong></span> 
     </span>
     <span class='ocr_line' id='line_1_31' title="bbox 125 3763 1255 3837; baseline 0.005 -21"><span class='ocrx_word' id='word_1_240' title='bbox 125 3763 255 3831; x_wconf 76' lang='lat' dir='ltr'><strong>Sadqne</strong></span> <span class='ocrx_word' id='word_1_241' title='bbox 276 3766 304 3818; x_wconf 86' lang='lat' dir='ltr'><strong><em>B</em></strong></span> <span class='ocrx_word' id='word_1_242' title='bbox 407 3765 596 3820; x_wconf 86' lang='lat' dir='ltr'><strong>interematam</strong></span> <span class='ocrx_word' id='word_1_243' title='bbox 620 3765 651 3820; x_wconf 71' lang='lat' dir='ltr'><em>F</em></span> <span class='ocrx_word' id='word_1_244' title='bbox 758 3767 791 3820; x_wconf 90' lang='lat'><strong>10</strong></span> <span class='ocrx_word' id='word_1_245' title='bbox 814 3767 900 3835; x_wconf 85' lang='lat' dir='ltr'><strong>abque</strong></span> <span class='ocrx_word' id='word_1_246' title='bbox 924 3767 955 3822; x_wconf 87' lang='lat' dir='ltr'>F</span> <span class='ocrx_word' id='word_1_247' title='bbox 1055 3773 1163 3837; x_wconf 83' lang='lat' dir='ltr'><strong>propter</strong></span> <span class='ocrx_word' id='word_1_248' title='bbox 1186 3773 1255 3822; x_wconf 89' lang='lat' dir='ltr'><strong>tem-</strong></span> 
     </span>
     <span class='ocr_line' id='line_1_32' title="bbox 125 3849 1254 3924; baseline 0.005 -22"><span class='ocrx_word' id='word_1_249' title='bbox 125 3849 230 3918; x_wconf 89' lang='lat' dir='ltr'><strong>periem</strong></span> <span class='ocrx_word' id='word_1_250' title='bbox 254 3850 312 3905; x_wconf 86' lang='lat' dir='ltr'><strong>BF</strong></span> <span class='ocrx_word' id='word_1_251' title='bbox 414 3852 654 3908; x_wconf 68' lang='lat' dir='ltr'><strong>lambertini*</strong></span> <span class='ocrx_word' id='word_1_252' title='bbox 752 3854 785 3909; x_wconf 90' lang='grc'><strong>16</strong></span> <span class='ocrx_word' id='word_1_253' title='bbox 804 3853 867 3908; x_wconf 90' lang='grc' dir='ltr'><strong>1)οηί</strong></span> <span class='ocrx_word' id='word_1_254' title='bbox 885 3855 1037 3924; x_wconf 83' lang='lat' dir='ltr'><strong>necessitas]</strong></span> <span class='ocrx_word' id='word_1_255' title='bbox 1050 3856 1172 3910; x_wconf 86' lang='lat' dir='ltr'><strong>.iacnltns</strong></span> <span class='ocrx_word' id='word_1_256' title='bbox 1190 3855 1254 3910; x_wconf 93' lang='grc' dir='ltr'><strong>1)οηί</strong></span> 
     </span>
     <span class='ocr_line' id='line_1_33' title="bbox 127 3935 1186 4010; baseline 0.006 -20"><span class='ocrx_word' id='word_1_257' title='bbox 127 3935 207 4005; x_wconf 76' lang='grc' dir='ltr'><strong>θ’βι)</strong></span> <span class='ocrx_word' id='word_1_258' title='bbox 310 3937 437 4008; x_wconf 84' lang='lat' dir='ltr'><strong>dignum]</strong></span> <span class='ocrx_word' id='word_1_259' title='bbox 460 3939 618 3993; x_wconf 84' lang='lat' dir='ltr'><strong>censendum</strong></span> <span class='ocrx_word' id='word_1_260' title='bbox 642 3939 682 4009; x_wconf 77' lang='grc' dir='ltr'><strong>βυ</strong></span> <span class='ocrx_word' id='word_1_261' title='bbox 706 3940 745 4009; x_wconf 87' lang='grc' dir='ltr'><strong>(Ζ</strong></span> <span class='ocrx_word' id='word_1_262' title='bbox 759 3941 791 3994; x_wconf 78' lang='lat' dir='ltr'><strong>ire</strong></span> <span class='ocrx_word' id='word_1_263' title='bbox 807 3957 892 4010; x_wconf 81' lang='lat' dir='ltr'><strong>morp.</strong></span> <span class='ocrx_word' id='word_1_264' title='bbox 910 3957 945 3994; x_wconf 87' lang='lat' dir='ltr'><strong>m.</strong></span> <span class='ocrx_word' id='word_1_265' title='bbox 963 3943 997 3995; x_wconf 82' lang='lat'><strong>2:</strong></span> <span class='ocrx_word' id='word_1_266' title='bbox 1025 3943 1052 3994; x_wconf 86' lang='lat' dir='ltr'><strong>al</strong></span> <span class='ocrx_word' id='word_1_267' title='bbox 1070 3943 1186 4008; x_wconf 62' lang='lat' dir='ltr'><strong>caecum)</strong></span> 
     </span>
    </p>

    <p class='ocr_par' dir='ltr' id='par_1_6' title="bbox 119 4021 1254 4267">
     <span class='ocr_line' id='line_1_34' title="bbox 119 4021 1254 4095; baseline 0.005 -21"><span class='ocrx_word' id='word_1_268' title='bbox 119 4021 159 4094; x_wconf 78' lang='lat'><strong>,¹7</strong></span> <span class='ocrx_word' id='word_1_269' title='bbox 178 4021 360 4092; x_wconf 83' lang='lat' dir='ltr'><strong>miseratione]</strong></span> <span class='ocrx_word' id='word_1_270' title='bbox 372 4023 583 4094; x_wconf 53' lang='lat' dir='ltr'><strong>securitatem?</strong></span> <span class='ocrx_word' id='word_1_271' title='bbox 608 4024 786 4080; x_wconf 68' lang='lat' dir='ltr'><strong>munitatae</strong></span> <span class='ocrx_word' id='word_1_272' title='bbox 872 4025 979 4080; x_wconf 82' lang='lat' dir='ltr'><strong>laudem</strong></span> <span class='ocrx_word' id='word_1_273' title='bbox 990 4025 1059 4080; x_wconf 79' lang='lat' dir='ltr'><strong>K‘Z</strong></span> <span class='ocrx_word' id='word_1_274' title='bbox 1143 4027 1176 4080; x_wconf 88' lang='lat'><strong>18</strong></span> <span class='ocrx_word' id='word_1_275' title='bbox 1195 4043 1254 4095; x_wconf 88' lang='lat' dir='ltr'><strong>pro·</strong></span> 
     </span>
     <span class='ocr_line' id='line_1_35' title="bbox 124 4105 1252 4181; baseline 0.006 -22"><span class='ocrx_word' id='word_1_276' title='bbox 124 4105 174 4160; x_wconf 87' lang='lat' dir='ltr'><strong>fini</strong></span> <span class='ocrx_word' id='word_1_277' title='bbox 198 4107 228 4160; x_wconf 90' lang='lat' dir='ltr'><strong>in</strong></span> <span class='ocrx_word' id='word_1_278' title='bbox 251 4123 330 4162; x_wconf 80' lang='lat' dir='ltr'><strong>cenea</strong></span> <span class='ocrx_word' id='word_1_279' title='bbox 352 4108 431 4162; x_wconf 66' lang='grc' dir='ltr'><strong>ΒΨ</strong></span> <span class='ocrx_word' id='word_1_280' title='bbox 544 4110 580 4164; x_wconf 77' lang='grc'><strong>20</strong></span> <span class='ocrx_word' id='word_1_281' title='bbox 602 4112 734 4181; x_wconf 83' lang='lat' dir='ltr'><strong>segnitiae</strong></span> <span class='ocrx_word' id='word_1_282' title='bbox 757 4111 858 4166; x_wconf 84' lang='lat' dir='ltr'><strong>K&#39;Zr:</strong></span> <span class='ocrx_word' id='word_1_283' title='bbox 888 4112 1016 4181; x_wconf 83' lang='lat' dir='ltr'><strong>signitiae</strong></span> <span class='ocrx_word' id='word_1_284' title='bbox 1039 4111 1079 4166; x_wconf 81' lang='grc' dir='ltr'><strong>Κ·</strong></span> <span class='ocrx_word' id='word_1_285' title='bbox 1109 4113 1252 4181; x_wconf 86' lang='lat' dir='ltr'><strong>segnitiem</strong></span> 
     </span>
     <span class='ocr_line' id='line_1_36' title="bbox 123 4191 1185 4267; baseline 0.006 -21"><span class='ocrx_word' id='word_1_286' title='bbox 123 4191 232 4249; x_wconf 82' lang='lat' dir='ltr'><em>B¹F¹0</em></span> <span class='ocrx_word' id='word_1_287' title='bbox 260 4194 387 4262; x_wconf 68' lang='lat' dir='ltr'><strong>segniter</strong></span> <span class='ocrx_word' id='word_1_288' title='bbox 405 4194 505 4250; x_wconf 70' lang='lat' dir='ltr'><strong>B’Pc</strong></span> <span class='ocrx_word' id='word_1_289' title='bbox 613 4197 647 4250; x_wconf 82' lang='lat'><strong>22</strong></span> <span class='ocrx_word' id='word_1_290' title='bbox 665 4197 845 4252; x_wconf 84' lang='lat' dir='ltr'><strong>sublimiasarn</strong></span> <span class='ocrx_word' id='word_1_291' title='bbox 864 4197 902 4252; x_wconf 89' lang='lat' dir='ltr'><strong>B¹</strong></span> <span class='ocrx_word' id='word_1_292' title='bbox 1012 4198 1126 4267; x_wconf 85' lang='lat' dir='ltr'><strong>signiter</strong></span> <span class='ocrx_word' id='word_1_293' title='bbox 1145 4197 1185 4252; x_wconf 73' lang='grc' dir='ltr'><strong>Κι</strong></span> 
     </span>
    </p>

    <p class='ocr_par' dir='ltr' id='par_1_7' title="bbox 121 4278 1254 4437">
     <span class='ocr_line' id='line_1_37' title="bbox 122 4278 1254 4352; baseline 0.004 -20"><span class='ocrx_word' id='word_1_294' title='bbox 122 4278 159 4332; x_wconf 78' lang='grc'><strong>24</strong></span> <span class='ocrx_word' id='word_1_295' title='bbox 187 4278 290 4348; x_wconf 81' lang='lat' dir='ltr'><strong>credat]</strong></span> <span class='ocrx_word' id='word_1_296' title='bbox 317 4280 431 4348; x_wconf 82' lang='lat' dir='ltr'><strong>quadem</strong></span> <span class='ocrx_word' id='word_1_297' title='bbox 463 4281 485 4335; x_wconf 91' lang='lat'><em>0</em></span> <span class='ocrx_word' id='word_1_298' title='bbox 586 4283 622 4338; x_wconf 81' lang='lat'><strong>25</strong></span> <span class='ocrx_word' id='word_1_299' title='bbox 646 4283 733 4352; x_wconf 88' lang='lat' dir='ltr'><strong>adque</strong></span> <span class='ocrx_word' id='word_1_300' title='bbox 756 4283 891 4338; x_wconf 87' lang='lat' dir='ltr'><strong>socordiae</strong></span> <span class='ocrx_word' id='word_1_301' title='bbox 915 4300 949 4338; x_wconf 78' lang='lat' dir='ltr'><strong>rx</strong></span> <span class='ocrx_word' id='word_1_302' title='bbox 973 4283 1008 4337; x_wconf 89' lang='lat' dir='ltr'><strong>ad</strong></span> <span class='ocrx_word' id='word_1_303' title='bbox 1030 4298 1127 4352; x_wconf 84' lang='lat' dir='ltr'><strong>quaeso</strong></span> <span class='ocrx_word' id='word_1_304' title='bbox 1151 4283 1254 4338; x_wconf 88' lang='lat' dir='ltr'><strong>cordiae</strong></span> 
     </span>
     <span class='ocr_line' id='line_1_38' title="bbox 121 4363 403 4437; baseline 0.004 -18"><span class='ocrx_word' id='word_1_305' title='bbox 121 4363 155 4419; x_wconf 82' lang='lat' dir='ltr'><em>F</em></span> <span class='ocrx_word' id='word_1_306' title='bbox 256 4365 290 4418; x_wconf 81' lang='lat'><strong>28</strong></span> <span class='ocrx_word' id='word_1_307' title='bbox 308 4367 403 4437; x_wconf 66' lang='lat' dir='ltr'><strong>eumfl</strong></span> 
     </span>
    </p>
   </div>
   <div class='ocr_carea' id='block_1_6' title="bbox 0 0 1510 5200">
    <p class='ocr_par' dir='ltr' id='par_1_8' title="bbox 0 0 1510 5200">
     <span class='ocr_line' id='line_1_39' title="bbox 0 0 1510 5200; baseline 0 1"><span class='ocrx_word' id='word_1_308' title='bbox 0 0 1510 5200; x_wconf 95' lang='lat' dir='ltr'><strong> </strong></span> 
     </span>
    </p>
   </div>
  </div>
 </body>
</html>
