3009 5200
481 442 640 499 Conlatio
664 442 758 506 VIIII,
782 442 824 497 34.
1153 438 1213 507 281

81 637 119 701 iu
156 636 295 701 oratione
327 632 483 699 dominica
514 632 685 699 admiscere
720 629 929 713 praecipimur
964 628 1100 696 diceutes
1136 628 1216 695 liat

82 742 279 805 uolontas
308 743 391 816 tua,
423 743 479 805 tua
505 736 635 817 scilicet,
664 751 725 801 uon
751 738 870 799 nostru.
908 733 936 799 si
965 732 1048 801 cuim
1076 737 1110 799 et
1134 730 1216 797 illud

82 842 228 926 apostoli
261 843 469 924 recordemur,
506 840 652 923 quoniam
689 837 781 921 quid
818 854 971 903 oremus
1007 838 1216 902 secundum

81 947 190 1028 quod
224 946 380 1027 oportet
409 944 622 1015 nescimus,
649 940 865 1023 intellegimus
893 956 948 1005 uos
978 956 1212 1021 nonnumquam

61 1048 187 1115 esuluti
218 1050 343 1114 nostrae
372 1047 529 1113 contrarie
553 1044 711 1127 postulone
734 1046 767 1109 et
794 1042 1044 1111 commodissimo
1065 1045 1152 1111 nobis
1175 1040 1213 1107 ab

82 1168 119 1215 ao
154 1152 211 1235 qui
238 1149 394 1215 utilitates
421 1152 543 1216 nostras
570 1148 685 1213 rectius
713 1165 808 1230 qusm
831 1164 886 1213 nos
908 1164 944 1211 ac
965 1146 1105 1214 ueracius
1128 1148 1215 1213 intu-

81 1260 159 1319 etur
186 1272 332 1336 eaquae
360 1254 516 1336 poscimus
542 1252 699 1336 denegari.
735 1252 820 1334 quod
848 1250 898 1315 illi
922 1266 1041 1333 qnoque
1062 1250 1215 1332 magistro
1226 1246 1267 1313 10

80 1358 231 1440 gentium
261 1356 409 1423 accidisse
436 1374 499 1421 uon
530 1355 660 1421 dubium
688 1355 745 1434 est,
774 1372 846 1419 cum
873 1356 977 1419 oraret
1002 1353 1119 1419 auferri
1141 1372 1160 1417 a
1182 1372 1215 1419 se

81 1460 237 1544 angelum
259 1458 404 1537 camme
434 1460 489 1541 qui
509 1457 632 1523 utiliter
654 1458 693 1525 od
715 1456 938 1523 colafizaudum
961 1474 1031 1523 eum
1055 1456 1215 1539 adpositus

50 1564 195 1629 ornent
224 1562 343 1627 domiui
364 1562 537 1641 uoluntate,
561 1562 679 1629 diceus:
705 1559 992 1643 propterquod
1015 1563 1075 1626 ter
1096 1561 1214 1625 domi·

82 1685 179 1731 num
224 1668 366 1748 rogaui
402 1669 445 1731 ut
477 1665 704 1731 discederet
731 1683 750 1730 a
778 1683 843 1729 mo.
889 1667 928 1729 et
965 1664 1068 1729 dixit
1104 1662 1215 1731 mibi:

83 1770 258 1835 sufficit
285 1769 366 1835 tibi
393 1771 528 1855 grstia
559 1788 658 1835 mea:
687 1786 773 1835 nam
807 1769 941 1835 uirtus
974 1768 1014 1833 in
1046 1768 1217 1835 infirmi·

84 1875 172 1937 tate
211 1872 440 1955 perficitur.
490 1892 584 1955 quem
627 1891 753 1937 sonsum
790 1871 934 1938 domiuus
977 1870 1074 1939 etiam
1110 1874 1216 1937 noster

83 1994 178 2041 orans
218 1992 256 2041 ex
290 1994 423 2058 persona
466 1976 603 2043 bominis
645 1977 814 2057 adsumpti,
851 1977 888 2041 ut
924 1976 1057 2041 sormam
1095 1991 1215 2058 quoque

52 2080 201 2144 uorandi
232 2079 322 2145 nobie
354 2081 614 2162 quemadmodum
647 2082 751 2145 cetera
784 2097 839 2145 suo
872 2077 1033 2161 praeberet
1066 2078 1215 2161 exemplo,

84 2181 136 2247 ita
161 2199 234 2247 cum
258 2184 360 2247 oraret
377 2182 544 2265 expressit:
567 2185 696 2266 pater,
720 2181 754 2245 ei
775 2181 969 2263 possibile
992 2182 1067 2260 est,
1091 2184 1217 2247 trans·

85 2288 153 2351 eat
182 2304 204 2351 a
235 2303 292 2351 me
322 2286 427 2351 calix
462 2288 555 2352 isto:
594 2288 864 2351 cerumtamen
902 2302 975 2351 uon
1007 2286 1113 2351 siout
1146 2298 1215 2368 ego

83 2388 177 2453 uolo
200 2391 265 2453 sod
287 2389 392 2454 sieut
412 2391 471 2469 tu,
494 2406 566 2454 cum
588 2388 697 2472 otique
719 2390 785 2453 eius
808 2408 826 2452 a
848 2389 948 2471 patris
970 2388 1132 2455 uoluntate
1154 2404 1217 2455 nou

86 2492 281 2574 discreparet
303 2494 459 2559 uoluntas.
497 2492 665 2559 uenerat
685 2492 788 2558 enim
810 2492 968 2559 saluare
990 2492 1092 2574 quod
1114 2489 1266 2575 peri-ll

53 2596 193 2679 uerat,
229 2597 268 2661 ot
303 2595 395 2662 dare
438 2596 610 2664 animam
653 2615 759 2663 suam
802 2596 1112 2680 redemptionem
1148 2615 1216 2682 pro

85 2695 250 2771 multis,
281 2697 320 2764 de
343 2717 403 2780 qua
423 2701 489 2781 ipse
511 2699 601 2766 dicit:
632 2718 741 2764 nemo
769 2699 885 2765 tollit
907 2699 1072 2766 enimam
1094 2719 1217 2768 meam

86 2817 213 2880 ame,
249 2803 318 2869 sed
352 2819 421 2886 ego
453 2820 549 2887 porro
587 2820 672 2869 eom
702 2821 721 2866 e
747 2821 806 2868 me
837 2806 940 2886 ipso:
973 2804 1214 2888 potestatem

85 2900 213 2968 habeo
241 2906 412 2986 ponendi
445 2924 541 2983 eam,
578 2906 617 2970 et
649 2907 892 2988 potestatem
920 2905 1040 2972 habeo
1068 2907 1217 2972 iterum

86 3008 268 3071 sumendi
297 3025 387 3072 eam.
426 3027 463 3074 ex
491 3008 579 3074 cuius
606 3027 738 3092 persona
766 3028 858 3094 super
887 3010 1009 3076 unitate
1042 3010 1215 3076 uoluntatis

55 3123 161 3171 rescae
192 3126 286 3190 quam
316 3129 388 3176 cum
415 3114 505 3192 patre
526 3111 643 3196 iugiter
664 3111 844 3195 possidebat
865 3131 920 3196 per
941 3113 1069 3180 beatum
1093 3130 1214 3198 quoque

86 3210 193 3274 Dauid
220 3211 253 3276 iu
283 3213 402 3294 psalmo
424 3214 605 3280 tricensimo
627 3232 708 3280 nono
730 3216 777 3281 ita
798 3217 958 3282 cantatur:
982 3218 1024 3282 ut
1046 3216 1214 3282 facerem

86 3313 339 3382 uoluntatem
369 3321 492 3383 tuam:
527 3319 620 3384 deus
653 3338 761 3386 meus
794 3320 916 3386 uolui.
956 3339 1029 3386 nam
1061 3323 1093 3385 et
1122 3322 1149 3386 si
1176 3321 1216 3386 de

190 3519 208 3573 o
230 3519 307 3572 nom.
325 3520 352 3587 s,
372 3519 406 3574 ao
514 3521 547 3575 10
570 3520 600 3576 11
619 3521 679 3577 cor.
698 3523 739 3588 ra,
757 3523 826 3578 e-o
930 3525 962 3578 re
986 3523 1036 3577 roe.
1054 3524 1096 3588 ae,
1115 3523 1149 3577 eo

88 3603 426 3674 mmmmmm
528 3607 750 3672 mmmm
851 3609 1043 3675 mmmo

140 3776 356 3845 lpraocspimor
370 3773 436 3830 VD¹
528 3775 640 3832 dicentis
656 3776 691 3833 V¹
781 3779 976 3834 ituatuaX:
1002 3781 1150 3836 terreus

87 3859 191 3915 scilecit
214 3862 238 3916 V
338 3864 367 3916 ot
384 3879 435 3917 oso.
454 3863 483 3917 D
584 3864 764 3920 daooundum
783 3866 863 3936 quod]
882 3866 953 3920 siout
969 3867 1000 3921 D
1102 3866 1118 3922 6
1141 3865 1217 3921 utili-

86 3946 156 4001 tatis
177 3947 204 4001 V
299 3949 419 4002 noradus
440 3951 478 4005 W
575 3951 693 4005 lutuitur
714 3951 762 4008 W¹
862 3953 1025 4022 tdeuogare
1041 3952 1077 4007 W
1170 3952 1217 4007 ille

87 4032 130 4088 12¹
231 4033 401 4089 8acccdiaae
421 4035 473 4090 VP
574 4037 811 4108 sootofyzundum
832 4039 859 4094 V
952 4040 1104 4109 adpossitue
1126 4040 1152 4094 V

90 4119 287 4174 l2uirtumD¹
381 4121 414 4176 14
424 4121 585 4176 adsumtiD
676 4125 841 4192 romonolo
854 4126 895 4180 D¹
980 4126 1014 4182 21
1026 4126 1098 4180 dicct
1114 4125 1148 4179 V¹

87 4205 169 4259 tollet
197 4206 220 4262 0
322 4207 357 4262 22
382 4223 401 4262 a
417 4223 460 4267 me
477 4225 528 4262 ooo
558 4210 582 4266 0
685 4226 782 4279 ponam
800 4227 816 4266 a
833 4229 874 4266 me
898 4213 922 4270 0
1023 4214 1058 4268 24
1083 4212 1215 4283 sumendi]

87 4289 184 4345 muns
203 4292 233 4346 1>
334 4293 369 4350 25
391 4295 547 4362 possedebat
569 4297 612 4351 D¹
715 4297 749 4351 26
772 4297 853 4354 debid
876 4299 899 4353 0
1001 4301 1133 4356 tricesimo
1149 4301 1219 4360 12²0

87 4375 120 4428 X
146 4379 284 4434 trecesimo
307 4379 345 4435 W
444 4381 548 4436 tricess.
566 4382 594 4437 P
691 4383 917 4453 27d10iet⁷²0
