3009 5200
483 407 642 466 Conlatio
664 409 728 476 ΧΗ,
751 409 827 465 1-2.
1154 409 1219 478 335

93 591 232 665 musent'
247 599 431 683 diligentius
447 601 651 684 inquiramus.
685 597 949 676 mortifieate,
971 599 1083 682 inquit,
1104 616 1218 664 mem·

93 702 164 770 bra
184 703 323 768 uestra
345 721 444 786 qnae
466 704 560 770 sunt
580 721 696 786 snper
723 706 883 768 terram.
918 701 1006 786 priua
1028 721 1101 787 ergo
1124 720 1218 786 quam

93 809 194 872 nemra
223 808 465 891 perscrutemur,
494 824 572 889 qnae
599 807 660 872 ista
681 805 747 870 sint
769 805 910 871 membra
933 821 1013 887 qnae
1034 803 1218 872 mortitioari

91 907 287 993 praeceperit
309 911 501 994 indagemus.
538 925 637 992 neque
660 909 743 975 enim
765 907 879 974 beatm
901 909 1061 992 apostolus
1082 909 1123 974 ad
1145 905 1247 974 abs-3

72 1012 238 1079 seiaionom
282 1031 431 1078 manuum
470 1012 525 1077 aut
560 1013 676 1095 pedum
715 1014 770 1077 aut
802 1011 989 1096 genitalium
1023 1011 1129 1078 inmiti
1161 1029 1218 1076 noe

91 1115 306 1200 praeeeptioue
329 1115 488 1198 oonpellit,
510 1115 566 1180 sed
588 1132 697 1198 eorpus
720 1116 852 1198 peoeati,
871 1115 952 1198 quod
970 1115 1079 1197 ntiqm
1093 1114 1217 1180 oonetat

93 1237 129 1283 ex
148 1218 311 1295 membris,
334 1217 519 1300 quantooins
535 1218 655 1284 destrui
676 1219 742 1284 selo
757 1217 913 1302 perieotae
926 1215 1083 1284 desiderat
1096 1217 1216 1284 saneti·

91 1323 178 1387 tatis.
219 1322 258 1387 de
280 1338 340 1403 quo
363 1337 490 1406 eorpore
511 1321 586 1386 alibi
608 1322 650 1386 nt
672 1322 921 1399 destruatur,
941 1319 1054 1405 inquit,
1076 1337 1216 1403 eorpus

92 1425 266 1508 peooati,
296 1425 329 1490 et
356 1441 436 1506 quae
463 1424 510 1510 sit,
533 1425 599 1490 eina
630 1423 804 1490 destruetio
828 1427 1054 1507 eonsequenter
1075 1424 1216 1507 exponit:

61 1528 135 1593 rent
155 1531 248 1610 iam,
271 1527 384 1610 inquit,
408 1545 480 1594 non
502 1527 721 1594 seruiamue
742 1528 917 1612 peooato.
951 1542 1052 1610 aquo
1072 1527 1216 1592 etiamse

93 1631 220 1697 liberari
247 1649 319 1698 oum
346 1631 488 1698 heiulatu
513 1631 654 1714 postulet
680 1630 800 1696 dioenat
829 1630 976 1697 infelix
1002 1647 1070 1713 ego
1091 1629 1217 1698 homos

93 1736 181 1816 quis
203 1753 263 1800 me
285 1734 480 1802 liberabit
501 1735 545 1798 de
567 1751 728 1818 eorpore
750 1735 888 1800 mortis
911 1732 1054 1798 huiusi

132 1837 176 1904 Π.
204 1839 273 1904 Hoo
305 1841 412 1922 itaque
442 1839 561 1922 monti
596 1855 707 1922 eorpus
740 1838 849 1904 multis
882 1837 1035 1903 uitiorum
1066 1837 1218 1904 membris

91 1941 241 2023 probetur
275 1941 458 2020 extruetum,
486 1945 520 2006 et
541 1942 581 2007 ad
608 1943 673 2007 eius
702 1941 825 2007 adtinet
846 1940 1034 2023 portionem,
1064 1939 1217 2023 quidquid

63 2045 141 2110 nuel
167 2045 254 2110 inuio
282 2045 333 2109 uel
362 2045 444 2110 dioto
471 2045 523 2110 nel
552 2043 739 2130 eogitatione
765 2045 921 2127 potemur.
958 2041 1047 2109 ouius
1076 2043 1218 2110 membra

93 2147 267 2214 rectissime
291 2151 520 2231 superterram
549 2167 614 2214 esse
643 2149 800 2214 dieantur.
838 2165 901 2214 non
922 2149 1007 2214 enim
1028 2151 1160 2232 possunt
1183 2147 1218 2214 bi

95 2251 144 2333 qui
180 2267 290 2317 eorum
327 2251 460 2316 utuntm
502 2250 677 2318 ministerio
713 2250 848 2317 ueridioe
885 2249 1042 2336 profiteris
1078 2253 1217 2316 nostra

93 2357 220 2419 autem
244 2354 500 2421 oonuersatio
522 2358 561 2420 in
582 2355 707 2421 oaelis
729 2357 799 2420 est.
838 2354 929 2421 boine
958 2354 1059 2437 igitar
1080 2355 1216 2438 eorporis

93 2458 122 2520 in
137 2455 197 2522 hoo
216 2457 285 2522 looo
300 2457 459 2539 apostolus
475 2460 616 2525 membra
631 2458 810 2525 deseribens
825 2457 1086 2540 mortifioate,
1100 2457 1216 2540 inquit,

64 2560 263 2627 emembra
283 2567 421 2628 uestra
442 2580 536 2647 quae
558 2563 651 2627 sunt
675 2580 792 2645 super
818 2562 978 2640 terram,
1007 2559 1215 2626 iornioati-

92 2680 219 2741 onem,
252 2664 550 2745 inmunditiam,
584 2664 813 2743 libidinem,
848 2664 1215 2749 oononpisoentiam

92 2766 230 2831 malam
261 2771 300 2832 et
327 2768 554 2845 auaritiam,
587 2786 687 2851 quae
720 2770 781 2834 est
810 2767 1112 2834 simulacrorum
1138 2784 1215 2833 eer-

92 2868 211 2936 uitus.
249 2872 349 2954 primo
371 2874 476 2954 itaque
498 2872 565 2938 loeo
591 2870 828 2938 iornieationem
855 2868 990 2935 eredidit
1011 2868 1245 2947 inferendam

92 2990 169 3055 qnae
191 2974 312 3039 earnali
326 2975 532 3041 eonmirtione
546 2976 714 3059 perlinitur.
742 2973 913 3041 aeonndum
929 2973 1024 3040 etiam
1038 2972 1216 3038 membrum

64 3074 314 3143 ammunntiam
337 3078 541 3161 nuncupauit,
565 3095 643 3161 quae
658 3094 890 3159 nonnumquam
906 3074 1021 3157 absque
1035 3074 1101 3140 ullo
1117 3073 1215 3139 muli·

91 3181 149 3243 eris
182 3180 274 3245 netu
307 3181 360 3245 uel
391 3180 617 3247 dormientibus
650 3180 702 3247 nel
728 3179 938 3265 uigilantibus
972 3196 1028 3261 per
1059 3178 1216 3243 inonriam

193 3363 363 3429 monas
457 3364 645 3431 anemae
739 3365 849 3420 rone.
944 3364 1149 3431 mnsam

93 3449 122 3504 rr
141 3449 214 3504 rura
235 3450 260 3517 a,
277 3449 313 3503 ao
414 3451 446 3505 1e
463 3451 521 3507 cu.
538 3452 599 3519 as

140 3622 157 3675 l
175 3620 290 3675 usserit
307 3636 358 3677 osa.
374 3621 405 3673 H
500 3619 596 3692 inquid
612 3619 639 3674 Ο
740 3620 758 3675 2
774 3621 847 3675 terra
863 3621 890 3674 0
982 3625 1050 3690 post
1065 3621 1166 3675 tmram
1184 3622 1216 3674 ia

92 3708 118 3758 P
135 3722 194 3776 cap.
212 3710 235 3761 2
250 3707 352 3777 incipit
453 3708 471 3763 3
494 3709 558 3762 sunt
580 3708 607 3761 0
707 3708 870 3763 mortifioare
892 3706 919 3762 0
1019 3708 1037 3762 b
1059 3707 1165 3762 inmitti
1187 3707 1215 3759 Σ

90 3791 193 3847 inmitis
221 3792 248 3845 0
348 3793 363 3845 'l
390 3792 494 3847 derbui
520 3794 547 3847 0
624 3793 783 3847 *eastitatis
810 3793 836 3846 0
937 3793 955 3847 8
977 3796 1009 3846 et
1035 3790 1102 3846 alibi
1124 3794 1171 3864 ‘1³5

90 3876 285 3933 dextruatnrO
375 3877 512 3957 inquidH
605 3879 637 3933 10
649 3877 783 3947 inquidli
810 3894 863 3932 non
875 3878 1002 3947 inquito
1095 3878 1127 3930 11
1141 3877 1216 3932 bein·

91 3970 144 4067 lat}
165 3980 209 4033 lle
238 3980 342 4035 eiulatu
367 3979 451 4034 M’O
554 3982 587 4037 13
612 3996 670 4035 uon
694 3980 843 4051 disdiapait
867 3983 894 4033 2*
992 3980 1025 4035 14
1051 3982 1216 4037 munuum

93 4084 116 4134 l'
214 4082 340 4151 quioqtid
358 4083 442 4136 ΠΤΟ
545 4082 799 4137 161hii>311¹n¹¹0
901 4084 935 4138 17
951 4083 1102 4138 neredioere
1119 4084 1149 4135 Π

91 4167 209 4229 eonfiteri
235 4167 262 4222 0
334 4166 341 4217 Ῑ
363 4169 397 4223 18
424 4168 514 4224 numm
540 4186 591 4225 one
618 4169 643 4223 0
744 4176 810 4225 uate
836 4170 916 4224 haina
941 4170 975 4223 isa
1001 4168 1217 4238 oblandiu-

92 4254 154 4321 eipit
256 4254 289 4308 19
316 4255 454 4323 apostulus
480 4254 519 4307 11¹
621 4256 656 4310 22
683 4255 773 4311 uultus
798 4272 829 4310 ao
854 4256 970 4311 semitm
988 4258 1039 4308 Y.
1113 4256 1147 4309 26
1173 4258 1216 4310 ab·

92 4339 163 4393 tamn
178 4340 204 4391 2
593 4384 595 4389 ,
654 4380 656 4385 ,
818 4373 822 4381 ,
1096 4357 1099 4367 -
