3009 5200
263 453 325 520 686
649 450 816 504 Iohannis
840 451 999 506 Cassiani

262 641 433 710 seouudum
456 641 540 706 beati
562 641 695 724 apostoli
718 643 858 725 regulam
883 642 1075 708 cotidianum
1098 642 1158 706 tibi
1180 641 1302 706 uiotum
1320 641 1387 706 tuis

262 745 407 811 manibus
433 763 625 827 praeparare,
649 763 741 826 quem
769 745 824 810 ille
853 747 967 812 ultima
999 744 1205 827 Ephesiorum
1235 744 1387 810 ecelesiae

262 848 452 932 prinoipibus
476 849 640 930 praesepta
665 849 865 932 promulgans
887 869 919 913 se
943 849 1039 913 etiam
1054 848 1174 912 sanetis
1188 849 1387 930 euangelioae

263 952 504 1036 praedicationis
526 950 638 1016 studiis
661 953 847 1033 oooupatum
874 967 934 1016 non
957 951 1060 1016 solum
1075 950 1146 1032 sibi,
1162 970 1273 1016 uerum
1287 952 1386 1016 etiam

259 1057 310 1124 his
329 1055 381 1139 qui
398 1059 487 1122 erant
503 1073 576 1138 erga
590 1053 803 1118 ministerium
817 1072 910 1118 suum
926 1055 1107 1118 neeessariis
1122 1053 1279 1136 obsequiis
1294 1073 1386 1136 prae·
1409 1077 1422 1114 s

260 1159 356 1244 pediti
378 1158 557 1242 praebuisse
580 1176 614 1222 se
631 1157 787 1222 memorat
813 1157 933 1222 disens:
956 1157 1036 1239 ipsi
1059 1157 1178 1222 scitis
1200 1159 1388 1240 quoniam

261 1265 304 1329 ad
327 1281 368 1328 ea
390 1281 487 1344 quae
509 1260 608 1326 mibi
630 1279 726 1342 opus
749 1263 863 1326 erant
886 1260 1008 1326 ethis
1030 1261 1096 1343 qui
1118 1279 1266 1326 mecum
1288 1267 1388 1326 sunt

231 1366 597 1444 5ministrauerunt
618 1383 753 1430 manus
782 1367 894 1429 istae.
932 1367 1013 1446 quod
1036 1366 1140 1430 umen
1164 1365 1201 1428 ut
1221 1383 1255 1430 se
1276 1365 1386 1429 fecisse

260 1487 316 1552 pro
338 1469 440 1536 forma
461 1469 586 1534 nostrae
608 1467 760 1534 utilitatis
775 1467 964 1544 ostenderet,
980 1467 1057 1534 alibi
1079 1469 1140 1532 uit:
1168 1485 1244 1532 nou
1265 1467 1386 1532 otiosi

260 1574 407 1640 luimus
441 1572 551 1636 inter
584 1590 665 1650 uos,
696 1589 817 1652 noque
847 1571 973 1654 gratis
1002 1589 1140 1652 panem
1168 1571 1215 1634 ab
1247 1571 1419 1651 aliquoro

259 1678 608 1753 mandueauimus,
630 1675 694 1740 sed
716 1677 753 1740 in
784 1674 918 1740 labore
940 1679 978 1739 et
999 1674 1246 1758 fatigatione
1266 1677 1387 1738 noete

259 1781 298 1846 et
327 1780 389 1844 die
419 1781 646 1862 operantes,
681 1797 726 1843 ne
758 1797 869 1860 quem
906 1780 1084 1843 uestrum
1116 1795 1385 1861 granaremus.

259 1903 331 1949 non
355 1884 466 1966 quasi
488 1902 560 1949 nun
583 1883 836 1948 babuerimus
866 1883 1123 1962 potestatem,
1146 1883 1212 1947 sed
1234 1882 1275 1944 ut
1297 1898 1384 1944 nos-

258 1990 339 2055 met
381 1989 487 2070 ipsos
538 1986 698 2052 formam
744 1985 925 2050 daremus
978 1984 1093 2050 uobis
1135 1983 1180 2048 ad
1222 1983 1383 2049 imitan-

257 2093 345 2157 dum
368 2107 446 2157 nos.
1393 2112 1418 2152 rs

300 2213 373 2280 XII.
408 2213 450 2278 lte
480 2213 551 2278 ideo
580 2231 648 2277 oum
684 2212 779 2278 etism
812 2213 901 2278 nobis
934 2213 1099 2293 parentum
1130 2209 1288 2292 praesidia
1319 2226 1383 2271 non

258 2316 409 2399 deessent,
443 2322 548 2382 tumen
581 2315 662 2381 hano
690 2319 810 2381 eunetis
839 2317 950 2398 opibus
975 2315 1181 2398 praetulimus
1202 2312 1381 2378 nuditatem

259 2425 290 2485 et
324 2420 481 2486 cotidiana
514 2421 649 2502 eorporis
680 2419 831 2485 alimenta
865 2419 978 2483 nostris
1011 2418 1181 2483 maluimus
1217 2413 1381 2481 sudoribus

259 2541 443 2607 praeparare
465 2541 558 2607 quum
582 2541 691 2588 sedura
713 2525 877 2607 parentum
901 2522 1089 2607 praebitione
1111 2521 1227 2604 fnlciri,
1245 2519 1381 2586 laborio-

258 2628 399 2693 sissimae
421 2629 493 2693 huie
516 2629 663 2709 penuriae
686 2629 774 2692 illam
796 2646 890 2710 quam
918 2627 1078 2711 praedicas
1093 2626 1227 2691 otiosam
1243 2625 1414 2708 seriptu-so

258 2751 363 2797 rarum
392 2732 628 2798 meditationem
657 2734 750 2814 atque
779 2732 1005 2797 infructuosam
1030 2731 1174 2795 lectionis
1195 2728 1379 2794 instantiam

257 2836 486 2919 postponentes.
525 2854 617 2918 quam
641 2836 749 2919 prooul
778 2836 873 2901 dubio
898 2835 1104 2901 libentissime
1127 2835 1330 2915 sectaremur,
1351 2832 1379 2895 si

256 2935 315 3004 hoo
359 2956 426 3003 esse
470 2939 581 3003 utilius
618 2939 669 3003 uel
707 2939 855 3022 exemplis
891 2928 957 3004 suis
994 2938 1164 3020 apostoliea
1200 2935 1380 3001 tradidisset

228 3042 427 3117 2auotoritas
443 3044 494 3107 uel
509 3043 656 3108 instituta
670 3045 829 3108 seniorum
844 3043 1013 3108 salubriter
1034 3041 1223 3106 definissent.
1253 3037 1380 3103 noueris

256 3152 361 3212 sutem
395 3148 426 3209 te
462 3146 558 3210 etiam
593 3166 628 3211 ex
662 3144 720 3211 lioo
754 3165 814 3210 non
847 3146 949 3211 leuius
982 3164 1077 3228 quam
1102 3145 1159 3209 illo
1192 3161 1253 3226 quo
1286 3160 1412 3225 supras

256 3249 390 3314 diximus
425 3250 519 3315 adfiui
552 3249 749 3328 detrimento,
784 3250 859 3333 quia
890 3268 962 3314 oum
997 3250 1040 3313 sis
1072 3250 1140 3314 sani
1175 3246 1313 3330 eorporis
1343 3264 1379 3311 ae

255 3354 385 3437 robusti,
409 3354 490 3437 stipe
512 3354 698 3418 sustentaris
721 3354 833 3434 aliena,
857 3372 935 3436 quae
957 3352 1040 3417 iuste
1062 3354 1137 3416 solis
1159 3352 1208 3415 est
1221 3350 1377 3414 debilibus

254 3454 422 3523 adtributa.
469 3475 542 3522 nam
576 3456 685 3539 utique
719 3475 809 3521 omne
842 3456 1004 3521 bominum
1037 3474 1136 3538 genus
1172 3455 1287 3535 absque
1321 3451 1378 3517 illo

252 3669 841 3809 3mlod.dot20,34.ICor.4,12
923 3669 1131 3735 eluamus
1209 3663 1377 3724 slllbess.

305 3953 318 4005 1
347 3952 449 4023 quotid.
481 3952 504 4008 0
538 3952 631 4007 euttid.
659 3954 686 4007 Z
790 3956 808 4008 2
833 3953 975 4006 siesiorum
1003 3954 1072 4007 RK·
1106 3953 1255 4007 otiosiorem
1282 3952 1314 4008 F

251 4040 268 4093 6
292 4052 319 4092 se
344 4037 512 4094 deiersdsm?
535 4042 571 4107 of.
596 4040 703 4105 ΧΙΙΙΙ,
724 4044 785 4105 7,3
888 4040 955 4093 lad
973 4056 1022 4094 eru.
1045 4040 1111 4109 Ode
1214 4042 1244 4093 11
1263 4040 1375 4093 mandu-

252 4124 372 4179 cabimus
399 4124 495 4181 ΒΜ
603 4128 636 4180 12
664 4144 833 4196 grausremus
859 4127 899 4180 F'
1007 4126 1041 4180 13
1066 4126 1153 4196 quasi]
1181 4126 1245 4198 quia
1270 4127 1309 4194 βυ

253 4212 286 4265 14
313 4212 459 4267 imitandos
485 4214 504 4283 β
607 4214 640 4268 18
666 4214 762 4268 cuttid.
789 4216 807 4283 β
909 4214 942 4268 19
968 4214 1063 4283 fulgiri
1090 4212 1129 4268 F¹
1231 4214 1263 4267 21
1291 4212 1375 4283 adque

251 4296 291 4349 B¹
397 4298 433 4353 24
458 4298 644 4366 praefinissent
671 4300 796 4368 (praesen.
819 4300 871 4368 11¹)
902 4302 968 4369 Οβυ
995 4302 1040 4367 (ef.
1061 4307 1086 4365 bt
1111 4304 1129 4354 3
1155 4300 1284 4355 maiorum
1311 4298 1374 4353 defi·

252 4382 331 4451 nitio)
434 4384 469 4438 25
486 4386 548 4455 quo]
567 4386 683 4455 quodO
785 4388 819 4440 26
837 4402 917 4456 quum
940 4387 963 4442 0
