3009 5200
534 440 690 497 conlatio
708 442 730 507 I,
749 443 825 498 1-4.
1218 449 1238 514 9

95 631 288 698 solitudinis
304 651 365 698 non
381 632 526 698 deterret.
549 635 587 698 ob
602 649 695 714 quem
706 648 763 696 uos
775 631 835 713 ipsi
846 631 954 718 prooul
969 630 1062 695 dubio
1075 634 1237 714 parentum

94 735 273 816 spreuistis
302 736 451 801 effoetum
479 737 511 800 et
538 736 676 818 patrium
706 735 807 798 solum
838 751 874 798 ao
902 734 1026 799 delicias
1053 735 1163 802 mundi
1189 736 1237 800 tot

96 838 308 920 pertransitis
329 837 506 919 regionibus
529 837 720 921 despexistis,
750 840 786 901 ut
807 837 848 901 ad
870 856 926 902 uos
948 835 1089 902 homines
1105 837 1236 904 rustioos

97 943 129 1004 et
157 941 285 1008 idiotas
313 946 408 1022 atque
436 941 469 1005 in
496 940 553 1006 hoo
581 939 700 1006 heremi
730 939 873 1021 squalore
903 940 1051 1023 degentes
1077 939 1236 1022 peruenire

78 1043 253 1124 sponsatis.
293 1047 418 1126 propter
441 1043 521 1126 quod
542 1042 734 1125 respondete,
757 1042 870 1123 inquit,
893 1042 972 1107 mibi
987 1044 1122 1126 quaesit
1137 1043 1235 1109 desti-

96 1145 189 1210 natio
208 1150 319 1212 uestra
335 1147 386 1212 uel
398 1146 479 1227 finis,
501 1146 555 1228 qui
570 1146 698 1212 adhaec
713 1147 816 1211 omnia
831 1145 1037 1211 libentissime
1053 1146 1235 1211 sustinenda

98 1266 154 1314 uos
179 1253 347 1334 prouocat.

138 1371 210 1435 111.
235 1371 279 1434 llt
306 1389 375 1436 oum
406 1371 582 1453 persisteret
605 1369 743 1434 nostram
771 1370 882 1434 elioere
905 1369 1076 1451 superbae
1098 1367 1233 1438 interro·

97 1472 233 1554 gatione
264 1473 462 1552 sententiam,
491 1470 703 1556 respondimus
737 1472 825 1554 regni
853 1472 1011 1538 saelorum
1039 1491 1134 1538 eausa
1159 1475 1235 1540 liaeo

69 1581 218 1640 incuncta
240 1576 379 1642 tolerari.

138 1697 227 1762 1111.
260 1695 311 1761 Ad
340 1696 420 1778 quod
449 1696 518 1761 ille:
547 1696 642 1773 Bene,
672 1695 790 1777 inquit:
818 1699 929 1780 argute
949 1698 987 1762 de
1007 1696 1070 1762 fine
1098 1698 1232 1764 dixistis.

98 1803 150 1882 qui
175 1815 257 1863 uero
281 1799 393 1864 debeat
408 1817 475 1863 esse
489 1816 595 1881 scopos
610 1801 726 1883 noster,
747 1800 780 1863 id
795 1801 844 1864 est
858 1799 1035 1876 destinatio,
1051 1801 1101 1865 oui
1116 1802 1233 1885 iugiter

99 1904 305 1968 inhaerentes
338 1902 431 1966 mem
465 1903 625 1966 ualeamus
658 1902 832 1987 adtingere,
865 1922 938 1985 prae
970 1906 1112 1970 omnibus
1144 1921 1232 1970 nosse

98 2005 233 2071 debetis
276 2007 309 2070 et
337 2023 408 2070 oum
436 2006 660 2086 ignorationem
690 2006 822 2072 ooniessi
846 2005 1031 2089 simplieiter
1052 2006 1231 2089 fuissemus,

70 2109 233 2174 nsdieoit:
265 2110 300 2175 iu
326 2109 410 2174 omni
432 2096 475 2173 'ut
499 2109 560 2174 dixi
590 2112 714 2174 artene
737 2109 900 2192 disciplina
922 2111 1078 2191 praeeedit
1100 2110 1230 2194 quidam

97 2229 221 2294 soopos,
238 2213 273 2276 id
289 2215 337 2276 est
350 2212 474 2276 animae
488 2211 652 2276 destinatio
667 2211 733 2276 siue
748 2210 942 2276 incessabilis
959 2214 1071 2277 mentis
1086 2212 1229 2280 intentio.

99 2335 197 2398 quam
229 2316 293 2381 uisi
321 2316 390 2398 quis
419 2317 502 2380 omni
531 2314 633 2380 studio
655 2316 945 2397 perseuerantiaque
967 2318 1148 2392 seruauerit,
1172 2337 1230 2383 neo

99 2423 136 2485 ad
166 2419 269 2483 finem
297 2416 466 2482 desiderati
499 2417 620 2482 fruetus
647 2419 765 2498 poterit
793 2417 963 2498 peruenire.
999 2436 1073 2484 nam
1102 2423 1138 2484 ut
1166 2420 1260 2485 dixi2

100 2523 245 2606 agricola
272 2521 365 2586 finem
393 2520 508 2586 habens
535 2538 641 2584 seoure
669 2520 851 2603 oopioseque
873 2521 1000 2584 uiuendi
1021 2523 1055 2584 in
1076 2526 1230 2603 prouentu

72 2630 249 2709 »segetum
270 2625 473 2691 fecundarum
499 2642 620 2705 scopon,
643 2625 676 2689 id
698 2627 745 2689 est
770 2625 1008 2689 destinationem
1021 2626 1104 2707 gerit
1118 2644 1229 2708 agrum

100 2748 195 2795 suum
219 2729 341 2793 onnotis
363 2728 503 2793 sontibus
519 2745 688 2810 expurgare
710 2746 842 2808 eumque
856 2728 1010 2791 uniuersis
1024 2726 1227 2794 infructuosis

100 2849 236 2897 mouere
264 2830 469 2913 graminibus,
495 2848 551 2895 nee
573 2830 665 2896 alita
685 2849 718 2895 se
740 2831 839 2911 quieti
861 2830 931 2895 finis
958 2831 1150 2913 opulentiam
1171 2831 1227 2896 ad·

102 2940 253 3017 epturum
283 2952 349 2999 esse
377 2934 515 3014 confidit,
543 2933 606 2998 nisi
634 2934 677 3013 id,
708 2935 790 3017 quod
817 2954 875 3000 usu
897 2933 1039 3001 obtinere
1060 2934 1226 3013 desiderat,

102 3037 242 3119 quadam
263 3036 349 3118 prius
372 3037 473 3117 operis
496 3055 532 3102 ao
546 3039 612 3119 spei
627 3056 701 3103 suae
715 3038 836 3102 ratione
850 3037 1016 3120 possideat.
1050 3039 1228 3122 negotiator

73 3157 225 3221 equoque
248 3140 515 3221 comparandarum
536 3140 688 3205 mercium
718 3140 906 3205 desiderium
928 3158 990 3205 non
1013 3140 1150 3222 deponit,
1172 3160 1228 3223 per

103 3242 186 3325 quod
219 3242 318 3324 possit
354 3243 570 3324 quaestuosius
607 3244 732 3309 diuitias
766 3260 963 3325 oongregare,
1001 3244 1074 3325 quia
1110 3243 1228 3309 frustra

104 3343 334 3426 oonoupisooret
355 3344 486 3423 luorum,
515 3344 577 3409 nisi
599 3343 685 3409 uiam
708 3362 769 3425 qua
793 3345 886 3409 adid
908 3344 1050 3409 tonderet
1070 3346 1185 3428 elegias
1202 3348 1227 3413 t.

106 3454 137 3511 et
172 3449 226 3529 qui
260 3448 350 3513 certis
384 3446 556 3530 quibusque
590 3448 795 3529 dignitatibus
829 3447 937 3513 mundi
971 3448 1063 3513 huius
1096 3450 1226 3532 eupiunt
1353 3503 1358 3512 .

107 3550 261 3629 honorari,
295 3550 344 3615 oni
377 3569 410 3615 se
445 3550 545 3615 offitio
574 3551 625 3615 uel
655 3550 758 3616 ordini
789 3551 923 3617 debeant
950 3551 1126 3634 mancipare
1153 3553 1227 3617 aute

77 3654 289 3736 „proponunt
322 3655 359 3719 ut
390 3673 446 3735 per
478 3654 655 3735 legitimum
687 3656 754 3737 spei
787 3655 947 3719 tramitem
981 3654 1074 3718 finem
1107 3672 1226 3736 quoque

106 3754 228 3821 ualeant
250 3756 444 3822 desideratae
466 3756 629 3839 dignitatis
648 3757 818 3841 adtingere.
851 3758 958 3840 itaque
972 3756 1005 3821 et
1019 3755 1089 3822 uiae
1104 3758 1255 3826 nostrae3

152 4028 339 4100 suspexistis
358 4030 390 4083 D
491 4032 610 4083 rustooos
628 4030 669 4084 1)ι
772 4029 916 4084 Ηιοτίωἰε
933 4030 975 4084 D¹
1082 4029 1226 4099 dpossitis

105 4116 179 4170 D¹X
262 4114 360 4185 inquid
378 4114 410 4169 D
497 4116 514 4169 8
531 4116 610 4169 nollo
622 4114 807 4170 distinotioia
823 4115 891 4169 DX
980 4116 1015 4169 10
1031 4118 1111 4170 eunte
1128 4116 1159 4170 D

106 4204 133 4256 ll
159 4202 250 4271 inquid
275 4203 319 4257 1)Ι
428 4202 456 4253 et
473 4204 569 4268 argute
591 4216 607 4254 r
641 4205 717 4255 sonte
741 4202 771 4255 D
875 4200 908 4255 12
931 4216 988 4256 esse
1011 4202 1106 4256 debent
1127 4202 1160 4255 X

106 4287 134 4341 ll
151 4290 236 4360 quam]
254 4289 322 4358 quin
340 4284 383 4341 D¹
470 4286 504 4339 22
519 4287 676 4356 adepturam
689 4288 719 4341 D
803 4288 838 4341 al
855 4287 885 4341 id
902 4303 952 4342 ora
970 4288 999 4342 D
1083 4288 1119 4343 28
1135 4288 1224 4358 digni·

103 4378 197 4431 tabu
212 4378 252 4431 D¹
