3009 5200
495 452 656 508 conlatio
679 452 774 519 XIIII,
792 454 817 508 9.
1153 457 1217 524 409

94 641 225 708 minime
254 643 468 724 consequetur.
504 642 572 707 esto
600 658 674 725 orgo
695 662 753 725 per
776 644 880 709 omnia
906 644 1013 711 situs
1036 646 1083 711 all
1105 646 1218 712 eudi-

95 746 248 824 sntnm,
277 747 418 812 torulus
441 748 573 811 sutem
594 746 640 811 eo
668 746 925 829 loquendum,
955 767 994 815 ue
1016 750 1108 815 sallat
1129 749 1163 815 in
1186 754 1217 816 te

94 848 175 914 illud
189 849 271 930 quod
286 846 643 915 notaturaSalomonsz
665 849 703 914 si
723 848 874 916 uideris
896 852 1023 917 uirum
1046 851 1217 919 uslooem

94 952 135 1016 in
155 951 311 1035 uerbis,
339 950 443 1017 seito
469 951 560 1035 qula
581 970 688 1035 spem
708 952 850 1019 habuit
870 953 1070 1035 iusipiens
1093 956 1217 1041 magis

74 1070 218 1137 squam
245 1054 342 1133 ille,
372 1072 430 1121 nse
458 1072 645 1137 quemquam
674 1055 777 1121 uerbis
804 1056 912 1122 dooere
933 1074 1113 1139 praesumas
1135 1062 1216 1141 quod

92 1175 184 1240 opere
205 1161 280 1223 aute
300 1175 361 1223 non
383 1158 504 1224 leteris
539 1158 623 1224 lruno
644 1158 727 1224 enim
750 1176 806 1225 noe
826 1160 965 1225 ordinem
986 1162 1093 1227 tenere
1107 1157 1248 1227 deteret

92 1261 191 1326 etism
214 1260 361 1344 exemplis
382 1262 447 1327 suis
469 1260 613 1327 dominus
636 1265 740 1328 noster
762 1260 912 1343 instituit,
935 1262 973 1327 de
987 1280 1047 1345 quo
1069 1264 1116 1329 ite
1138 1263 1216 1331 (liei-

92 1368 162 1429 tur:
194 1382 288 1446 quae
317 1365 448 1446 eoepit
468 1362 582 1429 Iesus
612 1363 748 1430 fauere
770 1368 809 1429 st
835 1366 983 1430 dooere.
1021 1384 1095 1432 oeus
1116 1366 1216 1451 igitur

92 1486 131 1531 ns
165 1471 240 1531 aute
269 1471 375 1533 sotum
403 1467 567 1551 prosiliens
595 1466 636 1533 ad
661 1465 832 1534 uouendum
867 1470 901 1534 in
934 1468 1060 1535 illorum
1088 1488 1216 1536 numero

62 1590 85 1628 ιο
93 1570 263 1652 deputeris,
301 1571 339 1635 de
375 1569 489 1653 quibus
525 1569 559 1635 in
595 1569 758 1654 euangelio
794 1572 937 1637 lominus
973 1572 1013 1637 ed
1049 1569 1217 1655 discipulos

91 1672 250 1755 loquitur:
272 1690 371 1755 quae
394 1673 532 1739 dieunt
553 1672 665 1740 notis
687 1676 844 1739 seruate
860 1677 898 1739 st
919 1673 1059 1753 fosite,
1083 1693 1216 1740 seeun-

92 1776 184 1841 tum
207 1792 327 1858 opere
346 1793 439 1841 uero
460 1793 594 1841 eorum
615 1775 744 1841 nolite
773 1774 919 1840 fauere:
950 1777 1090 1842 dieunt
1114 1776 1216 1842 euim

92 1881 131 1944 et
167 1895 241 1943 nou
277 1876 445 1943 faoiunt.
488 1879 663 1962 alligent
694 1878 824 1943 autem
857 1897 973 1945 onera
1005 1881 1144 1962 grauia
1177 1881 1218 1945 et

92 1981 364 2065 inportabilia
379 1984 419 2047 st
435 1983 627 2063 inponunt
642 1999 685 2047 so
701 2000 817 2064 super
834 1999 985 2047 umeros
1004 1981 1216 2058 hominnm,

64 2085 172 2167 „ipsi
195 2089 326 2151 autem
348 2085 478 2170 digito
499 2104 565 2150 suo
586 2086 731 2151 uolunt
753 2104 795 2149 ea
816 2102 977 2149 mouere.
1007 2085 1035 2149 si
1057 2085 1140 2150 enirn
1162 2086 1216 2149 ills

93 2188 163 2270 qui
196 2206 316 2253 unum
348 2188 573 2253 mandatum
603 2188 809 2253 minImum
839 2186 1005 2253 soluens
1036 2186 1216 2253 doouerit

93 2292 151 2357 sio
166 2290 361 2372 homiues,
383 2291 571 2356 minimus
588 2290 796 2357 uocabitur
815 2290 854 2354 in
871 2307 990 2373 regno
1008 2290 1215 2372 saelorum,

94 2393 149 2475 qui
163 2394 268 2458 multa
282 2394 314 2457 et
327 2391 447 2457 maiora
462 2393 630 2476 neglegens
645 2391 753 2457 dooere
771 2390 1014 2475 praesumpserit
1029 2410 1216 2474 sonsequens

96 2496 234 2579 profesto
257 2496 363 2560 estut
385 2511 449 2560 non
471 2493 534 2559 iam
556 2495 706 2559 minimus
734 2495 768 2560 iu
790 2512 886 2578 regno
908 2494 1075 2577 nesiorum,
1107 2496 1161 2561 sed
1184 2496 1216 2560 iu

66 2598 255 2683 engelrannus
277 2598 428 2682 supplioio
451 2598 605 2664 maximus
628 2598 786 2666 habeatur.
816 2598 850 2662 st
871 2596 939 2662 ideo
962 2597 1133 2664 mueudum
1157 2596 1246 2666 titi‘l

97 2708 144 2768 est
166 2722 207 2767 ne
236 2700 364 2767 illorum
385 2702 425 2767 at
446 2705 618 2768 domndum
647 2700 786 2766 inniteris
808 2701 968 2782 exemplis,
996 2702 1049 2784 qui
1071 2701 1216 2784 peritiam

97 2805 277 2889 disputandi
298 2823 335 2870 ao
356 2807 506 2871 sermonis
527 2804 710 2870 afluentiam
731 2804 898 2886 oonssouti,
927 2804 1000 2886 quia
1029 2804 1160 2887 possunt
1180 2822 1218 2868 ea

97 2927 175 2992 quas
189 2909 348 2974 uolueriut
361 2910 470 2974 ornate
485 2909 666 2990 sopiosoqne
680 2907 841 2986 disserere,
864 2906 1027 2972 seientiam
1042 2905 1217 2989 spiritalem

97 3011 254 3092 possidere
275 3010 443 3076 metuntur
466 3009 506 3077 at
530 3011 578 3076 luis
602 3011 656 3092 qui
677 3011 744 3076 uim
767 3011 831 3076 eius
853 3009 886 3076 st
900 3008 1085 3092 qualitatem
1100 3008 1219 3075 luner-

65 3133 171 3186 snsre
206 3131 270 3178 nou
305 3114 470 3180 uouemut.
508 3113 594 3180 aliud
625 3131 759 3195 namque
793 3114 841 3178 eet
872 3111 1060 3178 sanititatem
1093 3114 1153 3177 oris
1187 3116 1219 3176 et

97 3217 233 3284 nitorem
260 3216 374 3282 trabem
401 3215 552 3282 sermonis
581 3216 615 3282 et
642 3215 729 3281 uliud
760 3230 857 3281 uenas
880 3233 916 3280 eo
938 3213 1093 3281 medullas
1116 3213 1217 3279 oaele·

97 3320 195 3386 stim
215 3319 334 3384 intrare
355 3319 510 3385 diotorum
532 3337 568 3384 ao
588 3318 742 3402 profunde
764 3318 797 3382 et
817 3317 1000 3383 absooudita
1025 3317 1218 3382 sacramenta

97 3423 265 3505 purissimo
295 3421 396 3488 nortis
421 3422 509 3487 ooulo
532 3420 746 3503 contemplari,
777 3421 858 3502 quod
882 3419 1061 3486 nullatenus
1083 3418 1219 3482 humanu

201 3649 401 3716 russone
502 3646 858 3715 erosasuouxx)
961 3646 1149 3712 suuni

98 3739 129 3790 11
147 3736 198 3792 ue.
216 3735 260 3804 aa,
277 3736 346 3792 s-4
449 3735 482 3788 1e
500 3732 550 3787 ue
567 3735 593 3800 s,
612 3733 645 3787 1e

148 3951 162 4004 1
182 3951 358 4019 oonseqmtnr
374 3949 415 4000 11²
514 3947 684 4002 testemone
701 3945 730 3996 Σ
747 3949 815 4014 (sou
831 3946 871 4009 Π)
972 3946 991 3999 4
1008 3945 1090 3999 habet
1107 3946 1152 3997 l'o

96 4034 219 4088 litloerie
235 4034 267 4086 Π
358 4032 451 4088 debere
467 4046 519 4086 oon.
536 4035 563 4085 ‘l'
653 4031 748 4100 lquo]
768 4046 821 4100 qua
838 4031 868 4082 Π
960 4029 977 4083 9
994 4033 1103 4084 actuum
1123 4031 1151 4080 Σ

98 4119 127 4174 in
144 4135 196 4175 ossa
214 4121 245 4172 H
338 4119 373 4173 10
388 4119 533 4187 discipulos
550 4133 612 4172 suos
629 4119 672 4172 To
767 4118 801 4172 14
819 4116 943 4171 humeros
960 4116 1014 4168 ΨΟ
1109 4115 1142 4169 18
1159 4129 1218 4169 neo-

99 4205 189 4276 legsns
214 4206 243 4256 Σ
351 4206 541 4275 praesumserit
562 4204 644 4271 Σ(Ο)
756 4201 791 4256 20
815 4201 953 4271 supplioiIs
976 4203 1002 4252 ‘l'
1100 4199 1218 4254 esttibi

99 4294 125 4342 Τ
217 4293 252 4346 22
270 4291 435 4347 mlluentism
452 4294 478 4344 Ἰ·
567 4291 673 4360 possint
691 4290 720 4340 Σ
817 4290 852 4343 24
868 4291 895 4343 st
912 4288 1083 4359 qualitatem]
1102 4287 1219 4356 sequul-

99 4381 182 4434 tatem
200 4379 229 4430 Σ
330 4379 364 4432 27
382 4378 589 4432 intradiotornm
606 4377 634 4427 Π
1107 4405 1110 4412 »
