3009 5200
576 455 761 511 Praefatio.
1207 461 1229 524 5

94 645 315 710 conlationum
345 664 442 727 quam
469 650 662 731 superiorum
689 647 885 712 uoluminum
906 648 1136 729 praemonitum
1161 665 1226 712 esse

92 748 257 826 lectorem,
293 751 331 812 nt
359 751 384 813 ri
416 768 478 832 qua
506 749 584 814 forte
611 751 644 814 iu
672 749 721 814 his
744 753 923 830 prostatus
953 750 1002 814 sui
1025 754 1057 814 et
1078 751 1227 834 propositi

91 849 251 930 qualitate
276 853 343 916 siue
365 871 422 936 pro
445 871 504 917 usu
527 855 558 918 ct
580 853 814 918 conuersatione
840 854 998 917 communi
1020 853 1072 917 uel
1094 853 1226 935 inpossi-

90 953 170 1018 bilia
194 955 364 1035 putauerit
387 975 451 1020 esse
474 957 523 1021 uel
547 956 635 1039 dura,
662 975 722 1020 non
739 975 775 1021 ea
792 957 964 1020 secundom
979 975 1051 1022 suae
1067 956 1227 1021 facultatis

76 1056 273 1135 modulum,
289 1058 345 1123 ssd
360 1059 531 1124 secundum
546 1058 733 1142 dignitatem
750 1063 781 1122 et
796 1060 1016 1140 perfectionem
1032 1059 1226 1141 loquentium

90 1161 259 1238 metiatur,
284 1180 419 1244 quornm
441 1163 527 1244 prius
549 1161 689 1226 studium
704 1163 797 1244 atque
819 1162 1011 1244 propositum
1027 1164 1130 1228 mente
1154 1181 1227 1227 con·

90 1264 197 1344 eipiat,
231 1283 298 1345 quo
328 1283 398 1328 uere
426 1264 540 1330 mortui
569 1265 640 1328 huic
669 1265 894 1329 conuersationi
924 1266 1097 1330 mundanae
1131 1267 1226 1330 nullis

89 1367 263 1432 effemibus
302 1369 467 1449 parentum
504 1369 683 1446 carnalium,
721 1367 818 1433 nullis
854 1369 981 1432 actuum
1018 1367 1225 1433 saecularium

91 1469 228 1534 nexibus
256 1471 447 1553 obligantur.
485 1471 593 1536 deinde
619 1473 758 1536 locorum
780 1490 900 1553 quoque
915 1472 948 1535 iu
964 1472 1075 1553 quibus
1091 1469 1254 1536 commo-l

63 1575 203 1639 omniur
240 1575 419 1640 consideret
454 1574 649 1656 qualitatem,
685 1592 746 1656 qua
778 1574 812 1637 in
848 1573 1016 1639 solitudine
1048 1574 1226 1639 uastissima

91 1679 267 1742 constituti
292 1683 387 1760 atque
409 1677 447 1742 ab
471 1677 687 1743 uniuersorum
711 1679 891 1742 mortalium
913 1676 1067 1756 consortio
1091 1679 1225 1759 separati

90 1783 119 1844 et
141 1799 202 1862 per
227 1781 293 1846 hoc
309 1781 584 1846 inluminationem
606 1799 752 1846 sensuum
768 1781 961 1861 possidentes
977 1781 1226 1862 contemplantur

89 1883 139 1947 uel
178 1883 417 1966 proloquuntur
453 1902 498 1967 ea,
537 1903 613 1966 quae
646 1884 816 1966 inexpertis
850 1885 941 1966 atque
974 1884 1138 1949 ineruditis
1170 1901 1225 1964 pro

91 1987 279 2052 condicione
320 1993 351 2052 et
388 1987 601 2052 mediocritate
645 1987 874 2052 consuetudinis
917 2006 991 2052 suae
1033 1986 1226 2068 inpossibilia

65 2091 226 2155 siorsitan
259 2089 462 2184 uidebuntur.
502 2091 672 2172 dequibus
698 2091 804 2155 tamen
826 2089 854 2154 si
877 2089 947 2172 quis
962 2090 1096 2154 uoluerit
1118 2107 1224 2153 ueram

89 2193 234 2277 proferre
260 2193 454 2258 sententiam
476 2196 507 2257 et
520 2194 626 2257 utrum
641 2192 767 2276 impleri
782 2199 898 2274 queant
913 2193 1068 2257 desideret
1083 2191 1223 2274 experiri,

90 2297 223 2361 festinet
248 2295 341 2378 prius
365 2314 469 2360 eorum
491 2297 683 2378 propositum
706 2295 805 2360 simili
828 2297 930 2361 studio
947 2299 977 2360 et
993 2295 1224 2361 conuersatione

89 2400 263 2482 suscipere,
298 2401 330 2463 et
352 2401 427 2464 tunc
449 2401 574 2464 demum
597 2417 642 2480 ea,
671 2417 748 2482 quae
771 2417 866 2480 supra
888 2399 1067 2466 facultatem
1090 2401 1223 2466 hominis

89 2503 301 2585 uidebantur,
336 2521 397 2568 non
431 2505 529 2570 solum
563 2505 733 2588 possibilia,
770 2523 877 2569 nerum
911 2502 1006 2567 etiam
1040 2504 1224 2569 suauissima

62 2608 320 2691 adeprehendet.
360 2608 413 2673 sed
435 2626 518 2673 nuuc
540 2608 603 2673 iam
626 2612 664 2675 ad
684 2608 873 2674 conlationes
896 2624 1002 2671 eorum
1025 2611 1057 2674 et
1078 2610 1223 2673 instituta

87 2728 308 2794 properamus.

132 2998 343 3069 diuposibilia
359 2996 390 3051 D
483 2998 654 3054 tmodolum
671 3000 700 3053 D
798 3000 882 3054 ‘thoe
899 3000 1096 3055 conuersatione
1113 3000 1153 3055 D'

85 3088 101 3139 d
117 3084 321 3141 allectionibus
340 3083 372 3137 X
390 3085 419 3149 (a
437 3100 512 3137 maa.
528 3088 558 3151 2)
577 3100 593 3138 r
690 3086 706 3139 9
725 3084 879 3155 obligentur
896 3086 936 3139 12²
1042 3088 1074 3141 10
1092 3102 1144 3155 qna
1160 3087 1223 3141 Dc:

86 3174 128 3240 qui
148 3174 170 3235 (i
190 3174 223 3226 in
244 3175 318 3235 rus.)
337 3168 371 3223 X
399 3169 497 3237 quior
575 3170 607 3223 14
624 3170 776 3225 conditione
793 3170 859 3224 DX
937 3173 969 3225 16
985 3172 1095 3241 implere
1112 3171 1154 3226 D¹

86 3260 116 3310 ΞΒ
132 3255 324 3327 deprehendit
342 3254 376 3307 X
477 3254 510 3309 21
529 3270 703 3324 properemus.
723 3255 815 3324 Capiti
831 3256 863 3309 de
881 3256 987 3309 abbatis
1005 3259 1089 3326 moysi
1107 3256 1223 3312 clatione

86 3346 168 3411 primu
179 3344 213 3399 D
256 3341 383 3409 Explicit
394 3340 517 3408 profacto.
536 3341 676 3409 Incipiunt
688 3342 805 3410 capitula
817 3343 897 3396 conit
909 3342 1014 3396 abbatis
1027 3343 1113 3412 moysi
1125 3342 1156 3396 X
