3009 5200
287 424 353 490 452
682 422 846 477 lobannis
867 422 1024 477 Cassiani

290 620 354 679 est:
383 615 450 696 qui
477 613 671 677 irascitur
698 612 822 677 fratri
845 628 930 682 suo.
966 628 1054 675 reus
1077 612 1155 675 erit
1176 610 1344 689 iudicio,
1368 615 1415 677 et:

291 718 351 782 sol
378 736 454 782 uon
482 716 637 781 occidat
659 735 777 798 super
802 714 1056 781 iracundiam
1078 720 1200 791 tuam,
1223 716 1418 795 proclamant

261 821 381 897 2ilico:
411 820 440 885 si
467 838 607 901 paganm
636 818 762 900 aliquis,
790 820 815 883 si
843 818 1014 883 saecularis
1043 816 1103 881 boc
1130 816 1254 881 receset
1276 822 1332 882 aut
1353 820 1418 882 ista

291 924 431 1001 dixisset,
453 926 538 988 recte
558 923 669 987 debuit
689 921 849 986 sustineri.
888 922 959 1004 quis
980 924 1086 986 autem
1104 921 1187 986 ferat
1202 921 1334 985 fratrem
1349 924 1416 985 tam

291 1028 399 1112 grauis
426 1026 587 1091 censuum
614 1025 726 1109 culpae
753 1029 809 1089 aut
835 1027 900 1089 tam
930 1024 1068 1089 insolens
1096 1024 1135 1089 de
1161 1042 1213 1090 ore
1240 1025 1417 1089 conuicium
1441 1050 1455 1089 r

291 1129 513 1213 proferentem!
545 1130 635 1211 quasi
666 1146 741 1193 uero
768 1130 921 1209 patientia
952 1127 1131 1192 infidelibus
1164 1130 1290 1193 tantum
1323 1134 1419 1211 atque

290 1233 450 1316 sacrilegis
479 1235 514 1297 et
542 1250 603 1297 nou
631 1232 778 1297 omuibus
807 1233 850 1295 sit
871 1231 1062 1313 generaliter
1083 1231 1259 1295 adhibenda
1280 1236 1336 1296 aut
1356 1235 1419 1297 ira·

291 1335 406 1402 cundia
425 1342 533 1400 centra
552 1334 706 1416 gentilem
728 1334 820 1399 uoria
841 1336 951 1399 eontm
965 1334 1095 1398 fratrem
1110 1334 1198 1398 utilis
1213 1334 1420 1411 aestimanda,

292 1456 366 1503 cum
387 1440 496 1522 utique
518 1439 717 1522 perturbatae
739 1441 855 1503 mentis
882 1438 1041 1503 obstinata
1064 1438 1219 1503 conmotio
1241 1455 1304 1502 non
1325 1438 1419 1503 dissi-

291 1542 379 1623 miIe,
401 1545 511 1605 contra
525 1542 670 1623 quemuis
691 1541 790 1606 luerit
805 1542 948 1615 excitata,
975 1541 1037 1605 sibi
1052 1541 1168 1606 inferat
1181 1541 1418 1605 detrimentum.
1430 1567 1456 1605 ιο

262 1647 426 1727 3quautae
446 1650 554 1710 autem
575 1644 807 1727 obstinationis,
834 1647 930 1709 immo
944 1644 1104 1709 uecordiae
1119 1648 1176 1722 est,
1193 1646 1230 1707 ut
1244 1662 1301 1708 uec
1315 1644 1420 1728 ipsam

292 1749 461 1813 uerborum
483 1748 706 1830 proprietatem
728 1749 839 1811 brutae
860 1747 977 1811 mentis
999 1752 1123 1831 stupore
1139 1748 1329 1824 discernant,
1346 1748 1421 1830 quia

294 1868 356 1915 non
371 1851 502 1916 dicitur:
524 1844 639 1917 ‘omnis
660 1855 714 1934 qui
728 1853 875 1917 irascitur
890 1853 1094 1935 alienigenae,
1121 1870 1193 1916 reus
1208 1853 1270 1917 erIt
1284 1852 1420 1935 iudicio,

294 1956 376 2035 quod
408 1954 542 2019 fortasse
573 1958 698 2037 poterat
730 1957 902 2019 secundum
939 1954 1065 2020 illorum
1100 1974 1226 2019 sensum
1260 1960 1423 2021 consortes

292 2058 420 2121 nostrae
447 2056 521 2122 fidei
548 2060 582 2122 et
602 2059 846 2123 conuersationis
875 2060 1025 2140 excipere,
1053 2062 1106 2123 sed
1136 2056 1345 2140 signillmnter
1368 2079 1459 2125 eme

294 2160 410 2240 pressit
440 2162 637 2243 euangelicus
670 2178 771 2226 sermo
807 2164 926 2227 dIcens:
962 2162 1089 2226 omnis
1125 2165 1191 2243 qui
1228 2162 1423 2225 irascitur

294 2262 416 2327 fratri
449 2281 534 2341 suo,
567 2283 655 2329 reus
688 2265 767 2328 erit
799 2265 961 2329 iudicio.
1004 2265 1079 2329 licet
1112 2266 1217 2348 itaque
1249 2266 1422 2329 seeundum

294 2366 437 2450 regulam
458 2366 602 2431 uerimtis
624 2385 749 2432 omnem
765 2368 924 2435 hominem
939 2368 1067 2433 fratrem
1087 2367 1255 2431 debeamus
1270 2368 1423 2447 accipere,

295 2470 401 2535 tamen
422 2471 483 2535 hoc
504 2470 573 2534 loco
595 2472 698 2554 magia
720 2471 823 2536 fidelis
846 2489 883 2536 ae
904 2474 1029 2536 nostrae
1054 2469 1297 2535 conuersationis
1320 2470 1424 2551 parti·

295 2590 367 2656 ceps
389 2591 483 2656 quam
506 2573 650 2640 ethnicus
671 2575 738 2658 ipso
762 2574 869 2640 fratris
892 2574 1044 2640 uocabulo
1065 2574 1259 2657 designatur.
1434 2607 1461 2646 so

337 2693 457 2758 XVIII.
486 2693 573 2759 Illud
601 2713 676 2759 uero
704 2696 796 2777 quale
825 2697 874 2759 est
896 2697 977 2778 quod
1003 2695 1163 2759 interdum
1186 2711 1243 2759 nos
1265 2694 1425 2776 patientes

295 2814 363 2860 esse
383 2797 551 2874 credimus,
575 2797 650 2879 quia
671 2799 857 2880 respondere
880 2799 1109 2864 contemnimus
1132 2797 1280 2881 lacessiti,
1304 2795 1359 2860 sed
1376 2793 1426 2860 ita

296 2903 456 2964 conmotus
500 2901 613 2964 iratres
657 2919 765 2966 amara
808 2902 1022 2967 taciturnitate
1059 2901 1110 2966 uel
1146 2901 1234 2964 metu
1270 2901 1428 2984 gestuque

296 3002 440 3067 incisorio
473 3003 711 3081 subsannamus,
745 3005 782 3068 ut
814 3023 865 3069 eos
899 3005 1000 3088 magis
1033 3003 1073 3069 ad
1105 3002 1301 3068 iracundiam
1329 3001 1429 3066 uultu

298 3107 396 3170 tacito
417 3122 620 3187 prouocemus
647 3124 742 3188 quam
775 3107 898 3171 tumida
919 3108 1094 3189 potuissent
1116 3105 1247 3170 incitare
1268 3103 1464 3183 corniciam

297 3207 330 3272 in
353 3226 389 3272 oo
410 3227 467 3274 nos
488 3209 691 3274 aestimantes
712 3209 842 3273 minime
864 3210 946 3293 apud
962 3210 1055 3275 deum
1077 3227 1156 3292 reos,
1179 3208 1254 3289 quia
1274 3207 1354 3272 nibil
1370 3225 1428 3272 ore

400 3392 580 3460 rutena
681 3391 881 3462 2pr.4,26
985 3393 1181 3462 tellecta

348 3561 486 3615 deccidet
502 3564 528 3614 P
619 3563 705 3632 mam]
724 3565 841 3616 uestram
860 3563 934 3618 l'Oc
1028 3565 1103 3618 aits
1121 3566 1146 3616 Y
1238 3566 1256 3620 5
1272 3565 1429 3620 conuitium

297 3646 328 3697 Π
411 3649 429 3701 6
446 3648 531 3717 adque
545 3650 571 3702 0
655 3649 836 3702 'Iathibeuda
854 3650 883 3700 Σ
907 3649 1039 3704 adibenda
1056 3651 1111 3704 ΤΟ
1197 3653 1245 3705 eut
1262 3667 1313 3705 om.
1332 3652 1358 3702 P

297 3733 315 3785 8
327 3733 424 3787 fratres
434 3735 466 3785 Π
544 3735 697 3789 ordinanda
709 3734 735 3786 0
821 3734 854 3789 12
866 3734 1001 3789 discernat
1014 3739 1059 3792 'Pe
1144 3737 1177 3790 14
1188 3751 1314 3790 sensuum
1326 3737 1356 3787 Σ

298 3835 353 3872 nou
365 3825 503 3876 consortes
521 3822 546 3875 Ο
633 3823 666 3877 lb
683 3822 864 3876 conuersionIs
882 3821 1004 3877 moe
1091 3824 1124 3878 19
1141 3824 1170 3877 iu
1183 3824 1299 3878 hocloco
1316 3825 1348 3875 Π
1364 3824 1429 3892 (lroc

297 3907 435 3971 atem)
522 3923 554 3960 ac
571 3923 622 3962 oue
639 3907 670 3958 Π
753 3907 953 3962 contemtlone
966 3909 1108 3977 participes
1118 3908 1160 3960 Πι
1244 3908 1427 3979 ffletbuicus]

299 3992 431 4121 &euim
447 4036 478 4087 Π
570 4036 628 4106 ipso
646 4053 697 4091 ese.
715 4036 744 4088 Π
836 4040 863 4090 et
881 4037 1007 4091 inimicus
1025 4037 1070 4091 hic
1088 4054 1135 4108 pre
1153 4039 1179 4091 0
1268 4037 1429 4107 designetur

299 4137 329 4188 II
393 4111 445 4192 '21
464 4139 856 4208 patienteseseenosIIYOe
947 4141 1104 4196 22credere
1122 4143 1148 4193 P
1174 4141 1311 4196 credamus
1331 4141 1357 4194 Ο

300 4270 513 4336 contempnimus
530 4271 569 4322 Π1
654 4269 689 4324 23
706 4227 967 4326 commotiorirftr'is
984 4270 1015 4321 Π
1100 4269 1135 4324 26
1153 4270 1313 4324 extimantes
1332 4271 1358 4323 0

300 4356 368 4423 aput
384 4355 413 4406 Σ
418 4352 444 4406 0
545 4371 607 4410 reus
623 4356 663 4407 Πι
