3009 5200
533 432 696 488 conlatio
719 432 808 498 xxn,
829 431 854 487 6.
1109 508 1113 517 ,
1193 435 1256 503 623

129 622 265 702 scilicet,
298 623 327 689 si
360 623 393 687 in
427 622 487 688 hac
520 624 728 689 obstinatione
762 625 912 701 durasset,
950 626 1087 691 uersutis
1121 624 1254 711 maligni

128 728 230 795 hostis
266 727 386 809 laqueis
421 726 581 813 obligatus
617 727 870 793 sanctificationis
904 729 935 791 et
969 730 1104 812 corporis
1138 727 1254 795 Christi

128 831 286 916 particeps
308 848 372 896 esea
387 846 449 895 non
463 833 569 912 posset
584 832 618 895 et
631 848 685 912 per
699 830 780 895 hanc
796 830 936 897 fraudem
953 831 1109 897 medicina
1123 833 1254 899 remedii

128 934 277 1001 salutaris
299 934 332 998 in
355 935 536 1017 perpetuum
558 932 764 999 fraudaretur.
803 951 862 1016 quo
889 934 972 1001 laeto
993 936 1040 1001 ita
1061 935 1162 1001 omnis
1185 936 1283 1003 dia-4

106 1037 248 1108 ebolicae
275 1037 422 1103 factionis
451 1054 545 1103 scena
573 1038 699 1102 detecta
727 1038 784 1117 ost,
816 1038 853 1101 ut
874 1055 943 1103 mox
965 1038 1084 1103 uirtute
1106 1040 1253 1105 dominici

128 1142 266 1223 corporis
309 1144 491 1223 protegente
528 1141 587 1206 illa
622 1143 811 1223 praeteritae
856 1140 1019 1207 inlusionis
1063 1145 1252 1209 consuetudo

127 1246 271 1313 cessam.
309 1246 342 1310 in
364 1262 424 1327 quo
447 1245 568 1311 inimici
598 1245 686 1311 dolus
713 1245 874 1311 euidenter
895 1247 1041 1327 apperuit
1063 1250 1093 1311 et
1116 1250 1252 1329 exposito

126 1354 177 1415 est
192 1368 196 1376 ·
210 1350 327 1431 paritor
358 1366 396 1413 ao
424 1348 558 1430 probata
585 1349 742 1414 sententia
772 1352 937 1426 seniorum,
967 1366 1045 1431 quae
1070 1350 1251 1431 plerumque

126 1452 212 1517 hunc
240 1452 476 1536 inpurissimum
506 1451 625 1517 fluxum
657 1470 719 1517 nou
741 1453 842 1517 cernis
866 1470 922 1517 nec
943 1454 1064 1517 animae
1087 1453 1173 1532 uitio,
1198 1454 1251 1517 sed

89 1585 118 1625 no
126 1556 299 1623 aduersarii
321 1555 454 1621 factiosa
476 1555 581 1621 docuit
603 1554 813 1623 ludificatione
835 1555 977 1637 conpelli.
1013 1558 1048 1621 ut
1067 1574 1139 1639 ergo
1154 1555 1251 1621 fallar

126 1659 313 1742 imaginatio
346 1659 548 1737 somniorum,
586 1659 732 1724 inlectrir
768 1658 937 1743 egestionis
970 1660 1109 1742 inpuree,
1132 1659 1184 1725 uel
1217 1659 1250 1723 in

126 1764 313 1844 perpetuum
334 1750 395 1827 uel'
409 1764 501 1842 certe,
525 1766 561 1827 ιιι
575 1762 745 1827 secundum
759 1762 960 1829 humiliorem
975 1766 1038 1827 siue
1054 1781 1249 1828 communem

127 1866 258 1931 dixerim
287 1870 416 1943 statum,
446 1866 540 1929 certis
563 1866 723 1931 mensibus
745 1865 916 1948 ignoretur,
941 1866 1123 1947 postillam
1146 1865 1249 1945 fldem,

126 1987 190 2052 qua
217 1969 256 2035 de
278 1970 330 2035 dei
352 1970 527 2053 spetialiter
547 1971 652 2053 gratia
672 1969 822 2051 puritatis
852 1968 965 2035 donum
988 1970 1104 2052 iugiter
1126 1988 1252 2052 sperare

89 2091 183 2143 nuos
205 2075 360 2152 conuenit,
379 2092 468 2139 escae
489 2079 642 2157 potusque
663 2076 712 2140 ost
742 2074 888 2140 nimietas
912 2075 1101 2159 castiganda.
1139 2073 1281 2138 norunt

124 2195 260 2260 namque
276 2176 485 2243 redundantia
499 2179 674 2245 istiusmodi
689 2191 812 2243 umores
824 2177 1007 2262 propensius
1023 2176 1110 2261 gigni
1126 2194 1250 2241 necesse

124 2283 182 2358 eet,
205 2284 235 2344 et
259 2280 405 2361 quoniam
428 2282 563 2347 concreti
585 2300 646 2347 non
664 2287 795 2364 possunt
811 2300 872 2347 nou
888 2280 972 2363 egeri
987 2285 1080 2363 atque
1095 2280 1134 2345 ab
1150 2280 1248 2361 ipsius

123 2387 255 2449 naturae
291 2385 359 2467 lege
392 2385 534 2466 propelli,
572 2384 632 2450 sub
662 2386 822 2451 occasione
856 2384 1075 2467 cuiuscumque
1108 2382 1249 2466 pruritus

124 2488 221 2570 atque
250 2488 415 2553 inlusionis
446 2494 616 2572 emergunt.
654 2508 794 2555 escarum
825 2508 898 2555 uero
922 2489 1066 2554 satietate
1088 2489 1250 2554 subtracta

86 2609 315 2674 inconsequens
359 2595 408 2657 est
444 2592 516 2658 illae
553 2611 673 2676 qnoque
714 2594 881 2660 inmundae
919 2592 1091 2676 egestiones
1127 2592 1249 2658 tardius

122 2697 274 2780 generari.
304 2699 336 2760 et
358 2696 404 2761 ita
424 2697 470 2773 lit,
493 2699 530 2760 ut
552 2698 813 2777 quemadmodum
835 2699 935 2762 durus
950 2715 1067 2781 earum,
1090 2697 1137 2762 ita
1151 2695 1248 2762 etiam

122 2799 241 2864 inlusio
264 2799 455 2866 dormientes
476 2801 528 2864 uel
549 2801 651 2866 rarius
674 2802 725 2866 uel
747 2801 897 2867 subtilius
920 2801 1082 2884 inquietet,
1098 2800 1171 2882 quia
1187 2817 1248 2864 non

122 2908 191 2969 tam
221 2904 339 2986 egestio
368 2923 405 2970 er
433 2905 658 2988 imaginatione
687 2924 782 2989 quam
811 2906 995 2988 imaginatio
1023 2923 1059 2970 ex
1082 2903 1248 2988 egestionis

122 3007 286 3072 nimietate
320 3008 487 3072 descendit.
525 3010 713 3093 quapropter
744 3010 772 3074 si
806 3008 951 3074 uolumus
983 3009 1022 3073 ab
1056 3007 1278 3073 inlusionnmd

86 3109 256 3178 aristarum
278 3110 439 3176 inlecebris
462 3109 597 3192 liberari,
627 3114 711 3178 omui
734 3113 852 3176 uirtute
873 3112 963 3177 nobis
986 3116 1034 3176 est
1056 3111 1246 3186 enitendum,

121 3214 262 3296 primum
272 3220 310 3279 ut
320 3214 532 3280 fornicationis
543 3216 688 3298 passione
698 3216 821 3281 deuicta
836 3216 922 3280 iuxta
933 3218 1058 3281 beatum
1072 3215 1245 3298 apostolum

122 3335 194 3382 non
229 3321 371 3402 regnet
403 3321 608 3401 peccatum
637 3320 676 3384 in
705 3323 838 3386 nostro
871 3320 1034 3386 mortali
1069 3334 1246 3398 corpore,

122 3423 168 3486 ad
190 3422 473 3487 oboediendum
495 3424 833 3504 concupiscentiis
857 3423 954 3502 cius,
977 3421 1109 3488 seeundo
1126 3439 1247 3503 quoque

120 3525 159 3589 ut
190 3524 257 3606 ipso
291 3524 481 3590 inlecebroso
516 3528 651 3608 corporis
681 3529 769 3590 motu
798 3525 904 3590 sedato
934 3524 1060 3608 penitus
1087 3542 1123 3588 aa
1146 3527 1247 3606 sopito

222 3735 256 3788 al
274 3735 350 3790 Rom.
368 3737 393 3800 6,
413 3737 446 3790 12

174 3931 188 3982 1
207 3929 275 3983 hanc
292 3930 333 3984 K¹
425 3929 527 3984 uersuti
544 3930 603 3984 BF
692 3931 847 4000 3poasitd
935 3931 1091 3985 medicinam
1113 3930 1176 3987 ΘΚι

119 4015 295 4086 Μοιιιιιίβ
381 4017 415 4072 10
431 4017 546 4086 propelli
563 4018 615 4087 dor
640 4018 675 4083 cf.
688 4033 748 4086 cop.
763 4020 821 4084 5‚2
907 4019 941 4071 14
958 4018 1064 4085 quiaO
1143 4019 1177 4072 lii
1196 4018 1245 4072 hu-

118 4119 207 4158 mores
230 4102 319 4173 R’oo
421 4104 454 4157 1‘1
475 4108 504 4157 et
523 4103 558 4160 02
586 4105 633 4172 qui
650 4103 689 4172 βυ
715 4119 767 4159 om.
785 4104 843 4158 BF
942 4105 1100 4173 congregati
1123 4102 1179 4158 BF

119 4189 207 4259 adque
229 4190 257 4243 B
362 4190 395 4243 18
418 4206 497 4259 prope
520 4190 563 4244 illi
585 4191 615 4245 F
715 4191 842 4259 cuiusque
864 4190 883 4261 β
988 4189 1023 4242 23
1045 4194 1244 4259 tam...quam

119 4276 189 4331 BF:
220 4275 387 4331 tam...sed
415 4276 439 4331 0
465 4277 661 4331 solum...acd
687 4277 726 4346 βυ
829 4277 977 4345 egestiones
1002 4275 1044 4332 Κι
1152 4276 1187 4332 28
1213 4280 1245 4329 nt

118 4367 177 4433 ipao
195 4377 299 4431 quoque
316 4362 355 4431 βυ
