3009 5200
468 451 629 508 conlatio
655 451 757 516 xxm,
778 453 886 508 19-21.
1171 456 1231 522 671

118 642 218 706 multo
248 643 353 706 autem
385 641 496 706 iustius
527 645 573 705 est
603 643 639 705 ut
665 659 734 705 oum
759 641 817 707 hac
838 643 938 707 cordis
962 643 1151 722 humilitate,
1175 662 1235 726 qua

117 746 272 810 oredimus
300 748 332 807 et
361 745 497 808 latemur
519 744 575 808 illa
601 748 795 808 sacrosancta
817 746 965 829 mysteria
987 765 1155 828 numquam
1178 765 1233 827 pro

117 849 228 912 merito
245 864 298 910 uos
316 865 404 928 posse
420 847 610 929 contingere,
628 848 760 930 singulis
776 865 812 910 ea
827 846 989 913 dominicis
1006 849 1044 912 ob
1060 849 1233 914 remedium

117 951 294 1014 nostrarum
324 949 555 1032 aegritudinum
585 968 829 1031 praesumamus,
860 969 953 1032 quam
986 955 1021 1015 ut
1055 969 1137 1017 uana
1165 969 1232 1033 per·

95 1053 258 1117 asuusiuue
280 1053 379 1117 cordis
402 1053 475 1117 elati
498 1054 640 1134 uelpost
670 1071 783 1116 artuum
811 1053 919 1134 dignos
942 1072 1046 1119 eorum
1068 1055 1232 1136 participio

75 1133 84 1162 ‘
116 1174 170 1220 nos
193 1173 258 1220 esse
280 1155 448 1220 credamus.
481 1159 665 1237 quapropter
681 1161 715 1218 ut
731 1155 807 1220 haec
834 1156 1013 1238 intellegere
1029 1158 1062 1221 et
1076 1157 1261 1221 fructuosc3

116 1263 222 1322 tauers
245 1259 408 1342 possimus,
432 1259 676 1322 misericordiam
703 1258 829 1337 domiui,
853 1261 888 1323 ut
910 1277 964 1323 nos
987 1262 1024 1324 ad
1046 1258 1233 1341 perficienda
1322 1257 1328 1268 '

115 1360 192 1424 haec
221 1360 357 1436 adiuuet,
388 1362 542 1425 adtentius
574 1363 774 1443 inploramus,
804 1380 883 1444 quac
912 1379 1106 1443 nequaquam
1128 1361 1174 1425 ita
1196 1363 1232 1424 ut

115 1467 235 1527 ceterae
259 1462 411 1528 humanae
434 1467 515 1529 artes
538 1466 740 1545 praecedente
763 1465 898 1546 quadam
920 1465 1040 1528 ratione
1056 1464 1230 1543 uerborum,

82 1569 168 1634 rossd
199 1567 272 1630 actu
301 1568 404 1647 potius
435 1569 467 1630 ot
497 1568 684 1647 experientia
713 1571 880 1649 praecunte
901 1567 1074 1643 discuntur,
1097 1585 1232 1648 quaeque

114 1688 240 1732 rursum
264 1669 324 1734 nisi
347 1671 412 1734 tam
436 1670 661 1734 conlationibus
683 1671 872 1752 spiritalium
894 1671 1031 1735 uirorum
1057 1670 1232 1752 frequenter

114 1771 292 1836 examinata
325 1772 441 1837 luerint
475 1778 506 1837 et
538 1775 638 1856 polita
671 1791 765 1858 quam
794 1774 988 1841 documentis
1018 1775 1050 1837 ct
1075 1774 1231 1838 cotidiana

113 1875 304 1956 experientia
339 1876 471 1940 sollicite
509 1877 671 1952 mutilata,
705 1881 759 1940 aut
796 1876 993 1942 obsolescunt
1026 1876 1143 1940 incuria
1175 1878 1231 1943 aut

113 1977 214 2042 otiosa
235 1977 390 2043 obliuione
413 1979 589 2060 depereunt.

163 2269 180 2320 2
203 2271 295 2321 sancta
320 2265 343 2321 0
371 2270 563 2322 sacrosanctam
586 2267 626 2322 Κι
730 2268 850 2322 misteria
868 2267 919 2322 ΒΟ
1019 2264 1230 2334 4persuaaiono]

110 2355 292 2424 presumtione
318 2353 340 2408 0
459 2355 476 2408 5
502 2353 643 2422 participio
668 2354 764 2410 OK’o:
795 2352 966 2422 participium
987 2352 1028 2405 K¹
1057 2351 1229 2420 participatio

116 2446 155 2498 B¹
187 2442 391 2511 participatione
418 2439 487 2493 ΒΨ
569 2441 585 2493 6
612 2440 728 2510 intellig.
758 2439 781 2494 O
868 2437 899 2492 12
926 2453 1005 2505 quam
1031 2437 1113 2490 etiam
1140 2435 1163 2492 0

111 2529 205 2584 cottid.
230 2528 262 2583 K
362 2528 396 2581 14
418 2529 568 2594 depereunt.
596 2525 713 2594 Explicit
735 2523 842 2580 abbatia
866 2525 979 2577 theonae
1001 2530 1059 2589 (-no
1076 2521 1141 2588 BF)
1169 2538 1230 2577 con-

111 2617 178 2671 latio
201 2615 283 2667 tortia
307 2612 385 2682 (·III·
414 2614 481 2668 FK:
510 2612 542 2667 do
565 2611 787 2667 anamarthethon
809 2610 872 2665 odd.
897 2610 963 2675 ΒΡ)
997 2610 1099 2679 Incipit
1123 2608 1230 2664 abbatis

112 2708 176 2786 <aab
195 2720 226 2772 dc
245 2720 282 2789 B)
305 2719 421 2773 abrahae
439 2718 554 2772 conlatio
579 2718 704 2782 (conlatio
723 2716 829 2771 abbatis
846 2714 988 2770 attraham
1006 2714 1047 2782 K)
1067 2714 1100 2767 dc
1117 2714 1228 2768 mortifl-

111 2808 215 2861 cationo
231 2804 323 2859 ΒΓΚ·
351 2804 468 2873 Explicit
485 2796 601 2859 conlatio
619 2803 725 2858 abbatis
743 2803 839 2857 theone
856 2804 888 2856 de
905 2802 1085 2857 manuters-
1109 2800 1229 2856 mulatio

111 2894 217 2948 abbatis
241 2892 368 2946 abraham
394 2892 425 2945 de
449 2891 652 2945 mortificatione
678 2890 700 2945 0
740 2890 877 2959 Incipiunt
899 2888 1018 2958 capitula
1039 2888 1098 2943 BF
1126 2886 1230 2955 Incipit

110 2979 230 3061 capitula
248 2978 363 3033 eiusdem
385 2978 408 3033 0
441 2976 651 3045 Capitulationcs
670 2976 701 3031 K
