3009 5200
315 451 381 518 340
707 450 871 506 Iohannis
888 448 1049 506 (insisti

316 641 494 726 adprobetis
527 643 560 708 st
591 641 685 706 istem
717 639 853 722 torporis
884 656 1033 722 pugnem,
1065 655 1144 720 qnne
1182 636 1312 704 inimiee
1345 638 1443 706 nobis

316 746 444 828 putetur
478 763 514 810 ss
550 745 649 824 noxis,
687 742 810 806 utilitsn
844 740 995 806 membris
1030 740 1145 806 nostris
1180 743 1332 808 insertsrn
1368 759 1444 807 esse

316 845 512 912 dooesmini?
533 846 724 912 considerate
746 861 859 928 qmeso
883 843 956 908 illos
978 845 1032 925 qui
1046 861 1172 926 oorpore
1190 845 1265 908 sunt
1284 844 1442 927 spedones

318 965 396 1030 quse
422 949 588 1032 praecipue
610 965 705 1012 oense
726 949 761 1012 in
781 944 957 1012 uirtutibus
981 945 1165 1027 adpetendis
1186 947 1307 1012 desides
1327 946 1443 1012 reddst

318 1068 355 1115 eo
382 1052 512 1134 tepidos.
551 1068 652 1116 nosne
679 1049 752 1131 quis
779 1048 1025 1130 oonrnrnpendne
1054 1047 1213 1114 outiiotn
1243 1049 1379 1114 sedunt
1410 1067 1478 1114 see

288 1152 493 1236 iporienlnm
514 1171 575 1218 non
596 1153 733 1219 hebere?
759 1153 839 1233 qnod
861 1153 969 1216 umen
990 1169 1083 1218 nerno
1104 1153 1153 1216 its
1172 1155 1369 1234 proposuisse
1391 1170 1443 1218 ms

318 1257 433 1333 sedat,
461 1257 498 1321 nt
519 1257 674 1322 neminem
703 1273 812 1322 eornm
839 1257 963 1338 penitus
993 1255 1128 1321 innsniri
1149 1271 1240 1338 posse
1259 1256 1443 1322 sentimem

318 1357 455 1441 perfecta
482 1357 750 1424 obrenuntistione
786 1357 984 1441 fiagrantem,
1010 1358 1066 1424 sod
1093 1359 1442 1442 pannoniamque

317 1459 481 1526 dsmrnodo
509 1477 598 1524 snsrn
627 1460 765 1541 uincent,
794 1461 823 1524 si
854 1459 908 1542 qni
936 1459 1018 1524 forte
1046 1477 1153 1526 eornm
1180 1461 1221 1526 sd
1247 1461 1442 1543 propositori

318 1561 517 1644 perfeetionis
549 1561 688 1644 pslmsm
721 1581 844 1628 summo
876 1562 975 1629 enimi
1005 1562 1202 1630 districtione
1235 1565 1478 1646 oontendnnt,re

320 1666 408 1730 ouius
430 1666 520 1731 ardor
543 1681 580 1728 eo
602 1663 791 1730 desiderium
812 1682 884 1730 enm
906 1683 1000 1747 quom
1014 1666 1112 1731 semsl
1126 1667 1301 1732 eooenderit
1314 1666 1442 1748 tamem,

319 1767 418 1849 sitim,
433 1767 568 1850 uigilias,
584 1767 759 1832 nuditatem
775 1768 962 1850 cunctosque
975 1767 1096 1834 deberes
1110 1769 1246 1852 eorporis
1260 1787 1322 1834 non
1337 1768 1443 1834 solnm

319 1871 485 1954 patienter,
507 1889 617 1937 uerum
640 1869 734 1936 etism
758 1870 893 1938 libenter
908 1872 1062 1938 sustinere
1078 1872 1236 1955 oonpellit.
1270 1873 1334 1936 nir
1357 1871 1468 1936 enim.

319 1975 357 2038 in
387 1973 588 2040 doloribus
617 1973 774 2038 laboret
802 1973 883 2038 sibi
911 1978 949 2038 et
978 1974 1058 2040 nim
1087 1974 1190 2041 insit
1219 1973 1442 2058 perditioni

320 2092 426 2152 suae,
449 2080 481 2141 et
502 2076 634 2142 iterem:
658 2077 812 2141 enimse
842 2077 977 2142 nutem
1009 2078 1145 2161 egenti
1166 2081 1287 2144 etiem
1308 2094 1476 2142 emerso

289 2178 456 2247 ddnlsie
488 2179 687 2244 uidentur.
724 2178 804 2244 elios
836 2197 969 2261 mmqoe
1005 2197 1067 2246 non
1100 2182 1248 2263 poterunt
1285 2178 1442 2246 desiderio

319 2281 527 2364 mentium
548 2300 652 2348 rerum
673 2281 725 2346 uel
746 2282 876 2363 reprimi
896 2281 948 2346 nol
962 2281 1067 2360 anelli,
1087 2282 1147 2347 nisi
1162 2299 1219 2363 pro
1232 2283 1303 2347 istis
1318 2279 1442 2346 adesti-

319 2385 378 2450 bus
400 2383 507 2468 noxiis,
530 2400 606 2467 qnos
629 2383 771 2467 cupimus
792 2386 957 2468 impetiri,
974 2385 1029 2452 elii
1043 2386 1196 2450 solutores
1210 2386 1328 2450 fusnnt
1341 2384 1441 2449 intro·

320 2486 415 2554 missi.
453 2487 633 2554 nullatenus
654 2487 736 2552 enim
759 2487 847 2554 uniet
865 2487 1020 2552 uinnoites
1042 2487 1156 2552 mentis
1176 2489 1292 2570 abspes
1312 2485 1443 2552 dionius

320 2589 464 2657 desiderii
486 2592 538 2657 nsi
560 2589 692 2671 timoris,
714 2590 821 2673 gandii
843 2591 894 2657 nel
915 2591 1063 2659 moeroris
1084 2591 1245 2657 effectione
1259 2589 1475 2663 subsisteres

320 2694 382 2759 nisi
410 2693 621 2759 hostendere
651 2694 683 2758 in
713 2696 826 2760 bonnm
851 2696 975 2778 portem
996 2695 1114 2761 fuerint
1134 2694 1300 2761 inmutato„
1339 2696 1372 2759 et
1394 2690 1441 2758 id·

321 2798 401 2863 sirco
424 2796 452 2861 si
474 2797 615 2863 osrnnles
638 2797 901 2879 eonoopissonties
924 2798 962 2862 de
984 2797 1130 2863 sordibus
1153 2797 1267 2863 nostris
1284 2796 1442 2863 dosidere-

321 2918 392 2965 mus
423 2900 592 2980 extrudere,
620 2899 778 2981 spiritales
806 2902 839 2964 in
869 2916 975 2967 eornm
998 2900 1076 2966 loeis
1098 2901 1277 2983 plantemus
1298 2900 1442 2983 protinus

320 3003 506 3084 uoluptates,
535 3005 573 3068 ut
600 3002 650 3067 his
679 3003 804 3068 enimus
832 3004 938 3069 noster
965 3022 1088 3086 semper
1109 3003 1239 3069 innexus
1267 3006 1300 3067 et
1328 3001 1442 3067 hebeti

321 3104 433 3187 quibus
456 3106 569 3187 ingiter
590 3106 763 3170 inmoretnr
785 3109 818 3171 et
840 3104 1012 3171 inlecebris
1034 3107 1242 3190 praesentium
1263 3123 1300 3171 so
1321 3109 1475 3187 tempo-s

289 3207 436 3273 4rslium
469 3207 595 3289 respuet
624 3208 823 3293 gaudiorum.
858 3226 990 3291 cumque
1018 3208 1052 3274 in
1085 3208 1169 3275 huno
1200 3209 1321 3275 stntom
1354 3221 1441 3271 mens

321 3314 428 3375 nostre
457 3309 622 3377 ootidisnis
652 3311 816 3377 exercitiis»
834 3310 958 3377 erudite
989 3310 1163 3395 proferetis,
1193 3314 1269 3375 tuno
1295 3304 1442 3375 uersiedi

321 3410 408 3477 illins
431 3411 577 3479 effoetum
595 3412 784 3496 experientis
807 3414 934 3480 docente
954 3414 1114 3500 percipiet,
1136 3431 1228 3497 qoem
1249 3431 1358 3479 omnes
1373 3409 1441 3494 qui·

425 3633 458 3687 13
475 3632 552 3689 Ριοι.
573 3634 614 3700 16,
631 3632 665 3688 26
682 3632 778 3702 (Lxx)
882 3636 915 3689 15
932 3634 1010 3691 Ριοι.
1027 3632 1070 3699 27,
1088 3636 1104 3689 'i
1124 3632 1238 3711 (LXX)-

372 3838 390 3893 d
415 3837 561 3907 sphndonss
586 3839 615 3891 Σ
643 3837 718 3907 spnd.
745 3822 811 3893 sunt
833 3841 860 3891 'P
966 3841 984 3896 8
1009 3841 1056 3911 qni
1082 3843 1108 3894 Y
1131 3842 1174 3909 (ist
1197 3857 1282 3913 ως.
1307 3840 1372 3897 odd.
1399 3836 1441 3891 uel

321 3921 403 3993 qnod)
512 3922 695 3979 deindiotnt
717 3926 752 3977 Τ·
853 3924 913 3994 quis
937 3924 1007 3979 11¹0
1117 3925 1150 3980 10
1172 3926 1292 3981 destrist.
1316 3926 1371 3981 ΣΟ
1398 3922 1439 3977 do

321 4012 469 4065 amotione
491 4007 525 4060 d*
626 4010 806 4065 ooneoendent
828 4010 855 4063 Ο
957 4012 991 4066 14
1013 4012 1172 4081 perditionis
1195 4011 1220 4064 0
1321 4013 1354 4067 15
1379 4022 1440 4063 snos

321 4108 372 4149 om.
389 4095 420 4146 Π
512 4095 546 4150 18
562 4095 616 4150 elis
632 4094 713 4149 ΠΨ·
798 4097 925 4151 ”luteris
941 4098 972 4150 Π
1064 4098 1098 4152 20
1114 4099 1160 4152 nel
1175 4098 1269 4169 gendii
1288 4098 1332 4153 nel
1350 4097 1375 4151 0

321 4179 501 4235 trisenon
589 4182 708 4236 inditate
726 4184 754 4237 Σ
839 4182 1000 4253 ddioornslis
1013 4185 1263 4255 oenonpisosntieZ
1345 4184 1379 4239 24
1396 4195 1440 4235 no·

321 4280 440 4339 londos
466 4284 509 4338 i'o
537 4266 719 4341 nerduino
820 4286 926 4347 innlrns
950 4288 975 4338 ‘P
1074 4288 1108 4343 27
1134 4292 1199 4344 oott
1227 4289 1252 4339 ‘d'
1352 4284 1439 4357 proflo-

322 4366 362 4419 Π1
463 4367 498 4423 28
515 4370 646 4439 oonoipiet
662 4369 772 4427 Hd'Oo
