3009 5200
487 414 648 472 conlatio
672 416 762 482 XVII,
782 417 877 473 8-12.
1180 420 1241 486 471

163 608 201 672 X.
229 624 429 674 cnnnnsvs:
459 606 616 687 Quantum
650 608 770 691 spectat
799 608 837 671 ad
869 606 1058 671 desiderium
1090 612 1245 691 nostrum,

94 704 201 791 'quod
226 727 245 773 a
266 708 355 774 uobis
384 726 439 793 pro
468 710 620 793 spiritalis
650 690 792 776 conmodi
823 708 963 774 utilitate
985 711 1162 793 susceptum
1185 713 1243 790 est,

120 816 297 894 optaremus
334 812 490 878 aedificari
524 812 623 879 uestri
660 812 797 897 iugitate
829 812 988 878 consortii.
1029 812 1057 877 si
1090 813 1173 879 enim
1205 816 1244 879 ad

120 914 301 980 coenobium
332 917 472 981 nostrum
501 915 652 981 fuerimus
682 914 811 990 reuersi,
841 932 904 980 uon
925 916 1026 981 solum
1048 934 1102 981 nos
1125 915 1164 980 ab
1188 915 1245 982 hoo

95 1020 187 1082 stam
211 1018 339 1083 sublimi
361 1020 516 1103 proposito
538 1018 721 1101 relapsuros,
753 1018 808 1083 sed
830 1018 927 1083 etism
949 1038 1005 1102 pro
1028 1018 1245 1085 mediocritate

121 1121 363 1188 conuersationis
393 1122 480 1188 illius
508 1122 618 1187 multis
645 1122 766 1187 certum
789 1126 837 1187 ost
859 1120 1029 1204 dispendiis
1052 1122 1243 1205 quatiendos.

120 1243 226 1290 uerum
251 1224 329 1291 illud
352 1244 407 1292 nos
429 1227 641 1309 euangelicum
664 1226 847 1291 mandatum
863 1224 1061 1291 uehementer
1075 1225 1244 1292 absterret:

120 1328 173 1392 sit
201 1348 326 1395 sermo
356 1332 489 1396 uester
518 1330 674 1409 estest,
700 1348 772 1396 uon
794 1348 887 1395 non:
910 1330 1008 1413 quod
1029 1332 1159 1396 eutem
1182 1330 1244 1395 his

120 1431 392 1497 abundantius
428 1434 506 1508 est,
543 1452 562 1498 a
596 1432 693 1497 malo
731 1432 801 1498 est.
847 1432 1001 1498 credimus
1039 1434 1122 1499 enim
1159 1434 1243 1500 tanti

84 1559 112 1598 uo
120 1537 394 1619 transgressionem
418 1534 575 1619 praecepti
599 1535 688 1601 nulla
716 1536 898 1619 conpensari
920 1553 1009 1619 posse
1031 1535 1165 1612 iustitia,
1189 1552 1245 1602 neo

119 1636 153 1700 in
190 1637 336 1701 extremis
380 1639 463 1703 recte
509 1639 616 1703 cedere
654 1638 734 1721 qnod
771 1639 855 1703 malo
891 1638 983 1704 initio
1017 1640 1112 1705 semel
1148 1640 1243 1705 luent

119 1738 308 1806 inchoatum.

161 1862 218 1929 XI.
241 1880 379 1929 rossem:
403 1864 440 1929 Iu
469 1864 612 1930 omnibus
642 1869 678 1928 ut
708 1863 842 1930 diximus
872 1865 975 1929 causis
998 1881 1060 1927 uon
1082 1880 1243 1945 processus

119 1966 229 2047 operis,
258 1966 312 2030 scd
339 1968 484 2032 uoluntas
513 1966 670 2049 operantis
698 1970 746 2033 est
774 1966 936 2044 intuenda,
959 1984 1015 2031 uec
1037 1966 1148 2030 stetim
1172 1966 1253 2048 quis

82 2092 111 2133 rs
119 2068 193 2151 quid
216 2069 324 2151 egerit,
347 2068 400 2134 sed
423 2088 483 2152 quo
504 2074 577 2135 uoto
600 2070 699 2157 egerit
718 2069 947 2152 inquirendum,
964 2068 1009 2133 ita
1024 2070 1061 2132 ut
1076 2067 1242 2133 nonnullos

117 2188 173 2253 pro
203 2170 253 2235 his
285 2171 376 2237 factis
405 2172 443 2237 dc
473 2174 584 2256 quibus
610 2172 693 2238 bone
713 2177 820 2255 postea
843 2177 911 2238 orta
932 2172 1007 2237 sunt
1028 2170 1241 2254 repperiamus

117 2274 213 2340 fuisso
243 2275 407 2341 damnatos
438 2276 471 2339 et
499 2294 516 2342 e
545 2276 698 2342 contrario
728 2277 878 2360 quosdam
907 2294 962 2360 per
983 2273 1241 2358 reprehensibiles

118 2382 207 2442 actus
241 2378 280 2441 ad
313 2395 467 2444 summam
501 2376 679 2462 peruenisse
713 2378 880 2443 iustitiam.
917 2379 949 2443 et
983 2394 1040 2442 nec
1073 2375 1121 2440 illi
1149 2376 1239 2441 utilis

117 2499 221 2546 rerum
245 2483 344 2548 exitus
366 2482 485 2564 proluit
507 2480 561 2565 qui
583 2482 716 2563 pessimo
738 2499 805 2546 rem
828 2482 991 2565 adgressus
1006 2480 1164 2563 proposito
1181 2498 1241 2546 uon

76 2583 206 2650 aoillcm
229 2603 307 2670 quae
330 2587 495 2653 subsecuta
517 2586 565 2652 est
586 2584 773 2664 utilitatem,
803 2586 857 2652 sed
879 2582 1028 2669 quiddam
1050 2584 1241 2650 contrarium

116 2688 220 2754 uoluit
242 2690 370 2772 operari,
395 2706 450 2754 nec
472 2687 546 2754 huic
567 2689 675 2754 nocuit
696 2685 982 2772 reprehensibiliter
1005 2685 1165 2753 inchoasse
1188 2689 1241 2770 qui

115 2809 177 2856 nou
205 2810 262 2875 pro
288 2795 467 2876 contemptu
490 2793 539 2858 dei
566 2812 622 2860 neo
645 2790 844 2874 delinquendi
866 2792 1035 2874 proposito,
1059 2789 1113 2855 sed
1135 2807 1240 2857 neces·

116 2895 192 2960 serii
230 2897 262 2959 ct
297 2895 395 2962 sancti
440 2895 510 2960 linis
553 2894 670 2962 intuito
710 2893 930 2979 uituperabilis
967 2893 1053 2959 initii
1090 2893 1241 2961 sustinuit

116 2997 341 3063 necessitatem.

75 3138 108 3178 ss
159 3115 230 3184 XII.
252 3117 293 3181 hit
315 3123 351 3181 ut
373 3117 448 3184 haec
469 3115 577 3182 eadem
600 3119 776 3184 sanctarum
792 3119 1016 3202 scripturarum
1033 3117 1240 3184 dilucidemus

117 3219 274 3300 exemplis,
304 3218 377 3300 quid
411 3218 575 3294 salubrius,
610 3219 684 3303 quid
717 3219 827 3287 utilius
860 3220 1003 3287 uniuerso
1035 3219 1104 3284 orbi
1136 3220 1240 3303 potuit

218 3447 236 3500 8
254 3447 303 3501 Mt.
321 3448 346 3512 h,
364 3447 396 3502 37

167 3661 182 3712 1
206 3660 376 3729 expectato
478 3661 496 3715 3
521 3661 673 3715 obtaremus
699 3662 753 3716 TO
855 3662 873 3716 5
897 3661 1046 3716 relabsuros
1072 3662 1135 3713 ΣΠ
1166 3661 1239 3714 elab-

117 3761 193 3799 suros
211 3747 237 3798 Φ
334 3745 351 3800 8
369 3749 423 3800 ster
440 3751 481 3801 est
498 3749 541 3800 est
557 3749 585 3800 Π
602 3746 681 3803 hooc
698 3747 730 3801 ias
746 3747 845 3816 spatio,
863 3747 936 3816 qaod
953 3763 972 3801 o
988 3746 1105 3822 librario
1121 3761 1240 3801 maara

116 3829 241 3884 relictam
266 3831 375 3899 sacrm
403 3831 543 3901 suppleuit
564 3847 664 3888 moces
685 3832 746 3898 fore
768 3838 996 3901 oemeoporom
1097 3832 1115 3886 9
1136 3831 1240 3886 habun-

117 3913 225 3970 ductim
241 3917 267 3968 P
361 3915 396 3971 li
413 3919 545 3972 incoatum
564 3917 632 3972 ΨΟ
729 3917 763 3972 13
780 3917 912 3986 processio
929 3919 955 3970 l*
1050 3917 1083 3971 17
1100 3917 1239 3986 reprehen-

118 3999 221 4055 sibilem
243 4006 334 4056 actum
358 4005 383 4054 'l‘
484 4001 516 4056 19
539 4004 715 4072 pessimorum
739 4003 880 4072 adgressus
902 4003 928 4056 Y
948 4009 1017 4068 (rum
1041 4003 1171 4067 deletam)

115 4085 366 4142 artuscensem
469 4087 504 4142 ‘22
521 4091 646 4143 mnteutn
665 4091 693 4140 Σ
795 4087 897 4143 domiui
917 4090 943 4141 Y
1041 4086 1239 4158 dee-linquendi

118 4171 146 4223 Π
241 4173 387 4228 necessario
403 4175 434 4225 Π
534 4174 569 4229 it
585 4175 618 4229 isa
635 4174 728 4229 ΣΠΟ
746 4189 808 4243 cop.
825 4173 894 4228 XII
903 4180 966 4243 post
982 4173 1110 4243 exemplis
1127 4170 1239 4243 incip&

117 4258 142 4309 Τ
156 4273 213 4312 ooo
230 4258 375 4329 distioqsii
472 4260 537 4314 haee
555 4275 605 4314 om.
623 4261 649 4312 ‘l'
733 4259 912 4314 delucidemus
928 4259 968 4311 Πι
1053 4259 1088 4313 dd
1105 4258 1239 4314 salubrius

118 4357 196 4411 queso
215 4345 322 4412 quidO
1227 4367 1231 4377 ·
