3009 5200
308 433 372 499 202
701 429 868 485 Iohannis
885 430 1044 485 Cassiani

309 622 477 687 daemones
500 640 593 705 quam
615 620 768 685 anteriore
790 624 929 702 tempere
950 619 1034 685 inter
1057 619 1318 686 anachoretarum
1339 620 1431 685 dum·

309 724 398 789 taxet
420 726 579 808 principia,
596 724 629 788 in
644 724 758 806 quibus
773 725 873 789 mbae
890 721 1004 789 raritas
1021 724 1242 789 monachorum
1259 726 1293 788 in
1307 723 1431 788 heremo

260 822 265 835 '
310 829 523 895 conmanebat.
561 829 648 893 tanta
676 846 810 909 namque
838 831 905 891 erat
934 844 1041 891 eorum
1062 826 1180 903 feritas,
1209 830 1246 890 ut
1266 827 1320 890 uix
1341 827 1433 910 pauci

310 936 342 997 et
370 932 536 998 admodum
565 930 694 997 stabiles
724 934 818 1012 atque
844 930 947 995 aetate
968 929 1108 1011 prouecti
1130 931 1261 995 tolerare
1283 929 1432 995 habitati·

309 1053 399 1099 onem
417 1034 595 1100 solitudinis
611 1036 746 1115 possent.
776 1032 929 1116 siquidem
945 1031 979 1097 in
993 1034 1070 1115 ipsis
1086 1032 1253 1116 coenobiis,
1270 1031 1432 1115 inquibus
1453 1055 1465 1095 s

309 1137 569 1204 commorabantur
591 1140 661 1203 octo
684 1135 736 1200 uel
751 1135 868 1212 decem,
884 1136 932 1221 ita
946 1154 1053 1201 eornm
1068 1136 1218 1203 atrocitas
1233 1137 1433 1221 grassabatur

309 1245 340 1305 et
377 1239 553 1322 frequentes
590 1257 626 1304 ac
662 1238 805 1305 uisibiles
841 1238 1055 1305 sentiebantur
1087 1240 1263 1323 adgressus,
1300 1239 1336 1302 ut
1372 1256 1432 1302 non

309 1343 459 1409 auderent
480 1359 586 1407 omnes
609 1342 727 1425 pariter
749 1342 891 1409 noctibus
916 1341 1102 1418 obdormire,
1125 1343 1180 1407 aed
1205 1340 1347 1406 uicissim
1361 1340 1433 1405 aliis

308 1445 546 1531 degustantibus
579 1462 724 1510 somnum
757 1444 813 1509 alii
850 1445 978 1528 uigilias
1012 1445 1203 1511 celebrantes
1237 1445 1367 1526 psalmis
1401 1446 1432 1507 ct

279 1548 500 1614 Verationibus
535 1565 589 1614 seu
625 1546 814 1613 lentioribus
858 1546 1070 1614 inhaerebant.
1119 1566 1251 1630 cumque
1287 1547 1358 1613 illos
1395 1548 1466 1615 adro

307 1669 447 1733 soporem
477 1655 608 1717 naturae
635 1651 801 1717 necessitas
829 1651 1008 1728 inuitasset,
1037 1650 1262 1734 expergefactis
1292 1650 1363 1714 aliia
1394 1650 1433 1714 ad

308 1773 414 1819 eorum
438 1754 492 1837 qui
515 1753 680 1818 dormituri
703 1756 792 1819 arant
814 1754 988 1820 custodiam
1004 1754 1151 1820 similiter
1165 1752 1313 1819 excubiae
1328 1752 1432 1817 trade-

307 1856 430 1923 bantur.
469 1859 550 1923 unde
573 1857 709 1923 dubitari
731 1876 791 1923 non
817 1859 921 1940 potest
947 1877 1045 1923 unum
1066 1878 1083 1923 e
1106 1858 1227 1923 duobus
1248 1858 1328 1921 hanc
1349 1875 1434 1922 nunc

308 1959 509 2025 securitatem
540 1960 591 2024 nel
620 1959 839 2026 confidentiam
866 1979 927 2026 non
955 1961 1057 2027 solum
1086 1962 1183 2037 nobis,
1213 1963 1267 2044 qui
1290 1961 1433 2027 uidemur

308 2082 363 2145 pro
400 2061 590 2145 experientia
626 2064 797 2129 senectutis
834 2064 1030 2147 aliquatenus
1067 2067 1211 2143 roborati,
1245 2064 1299 2129 sed
1335 2064 1466 2131 etiams

307 2165 480 2231 iunioribus
514 2168 617 2231 aetate
650 2166 801 2232 conterre:
840 2171 894 2233 aut
928 2170 1010 2233 enim
1044 2168 1162 2235 uirtute
1199 2169 1298 2232 crucis
1335 2168 1432 2232 etiam

308 2269 429 2334 deserta
456 2271 641 2354 penetrante
668 2273 700 2334 et
729 2269 844 2352 ubique
874 2269 940 2334 eius
967 2270 1074 2352 gratia
1104 2274 1282 2335 coruscante
1304 2274 1434 2335 retunsa

308 2374 357 2436 est
384 2372 525 2455 nequitia
547 2370 731 2439 daemonum
756 2373 812 2436 aut
837 2373 1035 2455 neglegentia
1057 2374 1164 2439 nostra
1185 2372 1258 2438 illos
1280 2376 1319 2439 ab
1341 2374 1433 2455 inpu-

307 2478 455 2559 gnatione
472 2474 606 2557 pristina
620 2474 758 2540 reddidit
773 2475 928 2553 lentiores,
950 2476 1026 2541 dum
1041 2474 1251 2556 dedignantur
1266 2479 1434 2542 aduersum

307 2596 362 2643 nos
377 2578 435 2643 illa
450 2578 622 2644 intentione
638 2577 804 2661 confligere
820 2597 882 2661 qua
897 2582 972 2645 tnnc
986 2583 1096 2646 eontra
1110 2579 1182 2645 illos
1197 2582 1468 2663 probatissimosso

308 2679 423 2747 Christi
452 2683 570 2748 milites
598 2683 788 2764 saeuiebent,
818 2683 877 2748 hac
899 2683 1019 2749 scilieet
1046 2702 1100 2750 nos
1123 2684 1333 2749 fraudulentia
1356 2683 1432 2747 uisi-

278 2783 421 2850 3bilium
450 2787 691 2868 temptationum
720 2787 892 2852 cessatione
920 2786 1019 2852 dirius
1048 2786 1207 2854 elidentes.
1245 2785 1277 2852 in
1307 2788 1433 2850 tantum

308 2887 392 2953 enim
416 2892 552 2970 teporem
577 2890 718 2954 uidemus
742 2889 901 2954 eonruisse
924 2891 1098 2970 nonnullos,
1122 2893 1157 2955 nt
1179 2907 1300 2956 necesse
1323 2889 1367 2953 sit
1383 2906 1432 2954 eos

308 2989 403 3056 etiam
448 2992 676 3057 remissioribus
720 2993 847 3058 monitis
887 2993 1060 3078 adpalpari‚
1097 2994 1186 3060 modo
1226 3013 1266 3059 ue
1302 2993 1433 3057 desertis

308 3093 431 3158 cellulis
465 3095 528 3160 suis
555 3095 595 3161 ad
627 3096 862 3178 perniciosiores
898 3096 1131 3180 inquietudines
1163 3097 1369 3165 reuoluantur
1403 3098 1468 3162 eta

308 3197 535 3264 circumeuntes
557 3216 592 3264 ac
615 3199 689 3280 uagi
719 3200 923 3265 crassioribus
945 3204 981 3265 ut
1003 3202 1049 3264 ita
1071 3201 1202 3266 dixerim
1224 3200 1314 3268 uitiis
1337 3200 1433 3282 inpli-

308 3301 425 3383 centur,
449 3320 642 3386 magnusque
666 3302 787 3367 fruetus
810 3306 849 3370 ab
868 3303 913 3368 eis
930 3302 1066 3369 obtineri
1088 3305 1241 3382 credetur,
1265 3305 1293 3368 si
1314 3303 1432 3368 solum·

308 3404 399 3468 modo
428 3421 461 3468 se
490 3406 586 3470 etiam
615 3424 686 3470 eum
717 3407 859 3487 qualibet
890 3406 1019 3488 ignauia
1052 3409 1179 3473 ualeant
1207 3409 1240 3473 in
1263 3407 1432 3472 solitudine

308 3505 474 3583 continere,
497 3526 532 3573 ac
555 3526 611 3590 pro
633 3509 753 3592 ingenti
777 3512 912 3576 remedio
935 3512 1034 3577 soleat
1050 3512 1094 3576 eis
1117 3529 1136 3575 a
1158 3510 1334 3577 senioribus
1349 3509 1431 3575 dici:

361 3763 521 3818 lanteriori
542 3764 580 3819 W
597 3779 665 3820 corr.
765 3765 913 3821 anachorit.
936 3764 1058 3820 VWPX
1085 3765 1260 3822 maesto
1357 3765 1434 3819 dum-

307 3849 383 3902 taxat
400 3864 451 3902 om.
472 3850 511 3906 lV
594 3851 714 3920 iadqne
736 3851 789 3908 VP
873 3852 1014 3922 bpoasint
1032 3851 1085 3907 VD
1170 3852 1305 3907 coenobiis
1321 3850 1363 3906 D¹

305 3934 508 3988 derassabatnr
528 3936 568 3991 lV
651 3935 783 3992 8niciaaa
799 3936 841 3992 D¹
930 3937 1089 3992 10i11usV
1175 3940 1208 3992 11
1227 3938 1358 3992 innitarat
1375 3937 1435 3991 PX

305 4037 322 4075 a
401 4021 602 4077 terraturium
624 4023 651 4078 V
725 4025 759 4078 13
776 4024 901 4078 dubitare
916 4023 973 4079 120
1040 4024 1186 4093 poteostO
1263 4025 1296 4078 15
1313 4025 1433 4078 robarati

310 4105 345 4159 V¹
374 4106 494 4161 ruborati
511 4108 551 4162 D'
640 4109 671 4164 17
689 4110 863 4164 choruscante
878 4110 931 4165 VP
1021 4111 1053 4164 18
1070 4109 1177 4165 illuaV
1261 4111 1294 4164 19
1312 4110 1434 4165 reddedit

305 4190 376 4245 D¹P
459 4192 843 4264 20111ιιεριοὶιιιιὶιεὶιιιιιιι,ῑ1
925 4197 959 4252 21
977 4197 1159 4251 fraudolentia
1175 4198 1222 4251 W·
1307 4197 1342 4252 23
1359 4197 1435 4250 uide-

306 4291 365 4330 mus
382 4279 498 4346 teporam
517 4283 610 4349 (temp.
633 4281 688 4345 VV')
711 4281 784 4337 DW
816 4282 964 4336 nonnullus
989 4283 1013 4338 V
1114 4283 1148 4337 24
1172 4282 1313 4338 dummodo
1335 4283 1366 4337 D

306 4361 340 4416 27
358 4361 478 4418 obtinere
494 4363 565 4419 DX¹
666 4365 700 4420 28
718 4382 779 4420 cnm
796 4383 846 4421 ora.
866 4366 889 4422 Ο
