3009 5200
257 418 320 489 612
641 417 811 473 Iohannis
833 416 992 471 Cassiani

257 608 329 673 sitia
357 626 377 673 a
404 606 614 673 dominatione
647 606 779 689 peceati,
814 608 971 673 tautum
1000 625 1046 671 ue
1074 606 1309 672 libertatem
1343 606 1382 669 in

258 712 503 777 occasionem
532 710 663 775 earnis
693 711 815 791 detis,
844 711 878 775 id
905 714 952 775 est
974 710 1209 775 frustrationem
1230 708 1383 791 legalium

228 812 494 899 dpraeceptornm
530 814 663 879 credatis
699 832 766 879 asse
799 814 956 880 licentiam
994 812 1152 879 uitiorum.
1196 811 1272 876 haec
1309 827 1382 876 uero

258 917 388 983 libertae
410 920 483 1001 quia
504 937 659 1001 nusquam
680 918 742 983 nisi
766 917 810 982 ibi
834 916 876 983 eit
906 919 1031 982 mutum
1054 916 1107 983 nbi
1131 917 1274 981 dominns
1297 931 1384 979 com-

258 1026 405 1098 moratur,
420 1022 537 1087 Paulus
549 1022 809 1105 apostolnedocet
824 1022 1020 1103 domiuus,
1043 1020 1196 1102 inquiens,
1213 1017 1383 1100 spiritua
1406 1039 1420 1081 a

258 1130 334 1190 est:
364 1126 432 1191 nbi
463 1128 596 1190 antem
619 1126 791 1209 spiritns
814 1126 978 1201 domini,
1002 1125 1060 1189 ibi
1083 1124 1266 1188 libertas.
1304 1138 1382 1202 qua

257 1230 382 1309 propter
413 1231 520 1311 ignoro
547 1234 652 1293 utrum
681 1228 766 1293 hunc
795 1227 879 1293 beati
910 1228 1044 1311 apostoli
1074 1245 1208 1303 sensum,
1241 1226 1323 1289 sieut
1350 1223 1384 1287 hi

258 1333 311 1414 qni
333 1332 449 1415 experti
471 1337 544 1397 sunt
566 1334 700 1415 sapiunt,
724 1334 896 1415 exprimere
917 1334 1010 1415 atque
1032 1330 1186 1397 elucidare
1208 1326 1383 1411 potuerim:

257 1454 354 1501 unum
375 1437 440 1501 scio
462 1435 660 1519 apertissime
680 1437 770 1501 illum
796 1436 893 1501 etiam
915 1436 981 1501 sine
996 1435 1185 1517 expositione
1200 1434 1385 1513 cuiusquam

258 1539 403 1605 omnibns
435 1540 575 1616 reserari,
605 1541 659 1621 qni
692 1532 882 1624 πρακτικήν,
919 1539 951 1603 id
981 1540 1028 1603 est
1061 1540 1215 1603 actualem
1245 1534 1420 1619 perfectam

258 1644 427 1707 tenuerunt
456 1642 661 1724 disciplinam.
700 1659 762 1707 non
795 1643 877 1707 enim
910 1640 1106 1718 laborabunt,
1140 1641 1177 1705 ut
1205 1638 1287 1721 qnod
1318 1638 1383 1701 iam

257 1746 410 1828 operando
427 1744 601 1810 didicerunt
623 1746 810 1829 intellegant
832 1746 1029 1828 disputando.

298 1847 425 1911 XXXV.
453 1866 653 1914 annuus:
682 1847 959 1915 obscurissimam·
976 1848 1188 1932 quaestionem
1216 1849 1248 1911 et
1270 1844 1382 1911 multis

257 1951 353 2015 etiam
375 1952 412 2015 ιιι
432 1956 579 2033 putamus
608 1952 803 2036 incognitam
827 1952 1023 2035 apertissime
1044 1952 1203 2017 reuelaati.
1241 1949 1383 2013 nudent

257 2052 316 2119 hoc
337 2072 456 2137 quoque
478 2056 630 2137 profectui
652 2060 759 2121 nostro
782 2056 902 2121 adicias
924 2057 1135 2139 deprecamur,
1162 2056 1198 2119 ut
1212 2072 1267 2118 cur
1282 2052 1419 2117 inter-rs

257 2158 331 2222 dum
360 2160 454 2223 etiam
483 2161 665 2242 propensius
693 2160 906 2227 ieiunantibus
935 2160 1025 2225 nobis
1051 2164 1084 2224 et
1106 2156 1264 2223 exhaustis
1287 2157 1383 2237 atque

257 2260 385 2325 defectis
413 2262 660 2329 uehementiores
687 2282 809 2348 pugnae
838 2264 972 2347 mrporis
1002 2263 1184 2339 excitentur,
1212 2259 1382 2343 diligenter

257 2364 417 2430 edisseras.
454 2384 528 2431 nam
555 2368 738 2451 plerumque
768 2368 865 2433 etiam
894 2366 1101 2451 expergefacti
1129 2384 1145 2429 e
1174 2380 1281 2429 somno
1308 2378 1380 2425 curu

257 2466 548 2550 deprehenderimus
570 2488 626 2535 nos
648 2472 764 2537 sordidi
786 2469 915 2553 liquoris
937 2469 1119 2551 contagium
1134 2466 1310 2550 pertulisse,
1334 2465 1382 2528 ita

257 2570 408 2636 deicimur
430 2574 631 2654 conscientia,
659 2578 694 2639 ut
716 2594 755 2639 ue
777 2575 931 2658 adipeam
948 2574 1071 2656 quidem
1088 2587 1269 2654 consurgere
1283 2566 1416 2632 orati-m

256 2693 345 2741 ouem
367 2675 555 2742 fiducialiter
575 2679 752 2744 audeamus.

297 2777 443 2844 XXXVI.
467 2796 639 2844 annonam
663 2780 808 2846 Studium
830 2781 955 2864 quidem
978 2783 1128 2859 uestrum,
1152 2795 1211 2861 quo
1233 2775 1380 2859 perfecti·

255 2881 323 2947 onia
345 2883 431 2946 niam
455 2900 515 2946 non
539 2883 727 2958 transitorie,
749 2885 804 2948 sed
827 2884 919 2966 plene
938 2885 1030 2966 atque
1046 2883 1179 2966 perfecte
1194 2877 1378 2946 desideratis

256 2983 426 3066 adtingere,
453 2984 693 3070 infatigabiliter
714 3005 770 3052 nos
793 2986 996 3068 disputationi
1018 2987 1090 3051 huic
1111 2985 1257 3068 prouocat
1272 2983 1378 3049 inhae-

256 3104 334 3153 rere.
383 3104 439 3151 nec
476 3087 560 3152 enim
598 3089 636 3152 de
674 3090 824 3156 exteriora
857 3089 1038 3156 castimonie
1074 3091 1108 3154 et
1143 3085 1414 3154 circumcisionem

255 3189 431 3271 manifesta,
453 3193 507 3256 aed
529 3191 567 3256 de
589 3190 646 3256 illa
667 3211 746 3274 quae
769 3193 802 3256 in
826 3195 947 3260 occultu
963 3197 1011 3258 est
1026 3193 1195 3275 diligenter
1210 3191 1377 3274 inquiritis,

255 3294 389 3358 scientes
417 3292 451 3358 in
482 3293 541 3358 hac
568 3293 688 3361 uieihili
719 3295 820 3362 carnis
843 3296 1034 3362 continentia
1055 3293 1253 3379 perfectiouis
1275 3294 1379 3378 pleni·

255 3397 394 3463 tudinem
418 3416 480 3464 non
502 3398 614 3475 inesse,
637 3417 715 3482 qnae
736 3399 846 3464 haberi
868 3401 920 3466 nel
942 3419 995 3483 per
1017 3399 1233 3464 necessitatem
1255 3397 1308 3462 uel
1322 3415 1378 3480 per

346 3534 372 3619 's
390 3566 420 3621 11
438 3565 497 3621 car.
515 3568 540 3632 e,
560 3568 591 3622 ιι

306 3718 369 3774 lin
388 3722 525 3776 uocatione
542 3724 572 3778 F
600 3726 627 3778 in
645 3726 813 3795 occasioned
908 3726 1133 3781 assentationem
1151 3726 1179 3780 Β
1281 3727 1381 3796 δερο-

254 3803 341 3858 etnlna
363 3805 392 3860 B
496 3808 511 3861 7
535 3809 576 3863 hii
600 3811 760 3866 BFO¹KZ¹
862 3813 879 3866 8
903 3811 992 3882 atque]
1017 3811 1051 3865 ad
1070 3815 1097 3866 te
1121 3812 1159 3865 B¹
1263 3811 1381 3868 lucidare

255 3891 292 3946 Β·
312 3891 387 3958 (sort.
401 3897 449 3947 ant
461 3893 592 3949 elucidare
607 3894 664 3960 fait
675 3897 707 3950 in
719 3897 866 3966 arotmypo
878 3897 980 3952 codicia
993 3897 1029 3961 B)
1134 3898 1150 3951 9
1169 3895 1238 3950 illud
1255 3895 1314 3951 BF

256 3975 289 4030 to
305 3993 449 4045 riparum
467 3979 494 4034 B
594 3982 623 4033 ll
642 3983 780 4035 tenuerint
796 3983 836 4052 βυ
936 3983 968 4037 15
985 3981 1098 4052 quart)
1196 3984 1228 4038 16
1245 3983 1376 4038 uobis...

256 4061 287 4116 l‘l
306 4061 416 4118 defectis
428 4081 479 4118 om.
498 4064 555 4119 BF
639 4066 670 4121 l'l
688 4068 839 4122 excitantur
856 4069 883 4122 B
972 4070 1004 4124 18
1022 4068 1187 4138 expergite
1275 4069 1307 4125 19
1324 4085 1381 4124 sor-

255 4182 311 4237 didi
334 4183 447 4253 liqaoria
468 4186 536 4240 BF:
572 4152 857 4258 scid‘m'l'llffr'r'lr'is'o
892 4188 1036 4259 corporalia
1060 4191 1189 4260 (corperis
1206 4189 1259 4257 K¹)
1283 4191 1381 4246 ueneni

254 4270 293 4338 βυ
400 4272 434 4324 24
459 4273 636 4342 disputationi
664 4272 727 4329 huic
752 4289 801 4330 noe
828 4275 846 4344 β
953 4276 986 4330 25
1015 4275 1241 4331 circumcisionem
1269 4275 1310 4330 11ι

254 4355 289 4407 28
306 4354 368 4422 uon]
386 4369 455 4422 quae
472 4356 514 4411 X¹
