3009 5200
464 414 623 471 Conlatiu
646 416 734 481 XVII,
752 417 866 472 tib-24.
1163 420 1228 485 4851

101 610 241 673 nestram
263 604 367 688 potius
391 613 485 689 quam
508 608 765 689 percontantibus
785 608 886 691 prodi,
912 628 949 673 ac
969 626 1062 692 super
1082 607 1229 674 huiusce·

101 708 186 775 modi
208 709 310 775 musis
333 727 389 775 nos
412 726 533 792 quoque
563 709 698 776 fatemur
726 712 909 779 ineuitnbde
932 730 998 777 esse
1020 712 1229 778 mendacium.

100 811 134 877 in
161 813 296 879 secundo
327 818 434 878 antem
457 812 544 877 nulla
563 814 653 879 nobie
676 814 832 881 incumbit
854 815 1025 881 uecoesitm
1044 812 1228 898 mentiendi,

101 914 237 996 primum
261 916 335 999 quis
357 931 522 998 possumne
544 935 580 983 ee
594 934 673 999 quae
688 917 824 983 fratrum
837 917 1011 984 minbterio
1026 918 1230 1001 pornguutur

77 1020 149 1083 uita
177 1037 337 1101 rennuere,
367 1022 404 1085 ut
433 1019 520 1085 nulio
555 1038 610 1085 noe
645 1020 837 1086 definitionis
870 1021 996 1087 uinculo
1028 1022 1228 1103 contigemus,

101 1120 212 1187 deinde
247 1126 329 1205 qued
361 1124 460 1189 semei
488 1125 675 1189 rennuentes
712 1142 877 1207 possumne
907 1124 1090 1191 inmobilem
1122 1129 1229 1190 tenua

100 1228 295 1291 sententium.
1203 1250 1207 1260 ·

142 1344 264 1410 XXlii.
298 1363 436 1413 meurs:
470 1350 536 1413 Has
573 1348 769 1415 definitiones
801 1350 931 1415 illorum
966 1348 1226 1415 monasteriorum

102 1465 168 1512 esse
201 1467 260 1512 non
293 1450 422 1516 dubium
457 1454 512 1534 est,
546 1452 579 1517 iu
613 1450 726 1534 quibus
761 1453 1003 1518 renuntiationis
1036 1454 1159 1519 nemrae
1190 1455 1228 1516 nt

65 1552 208 1615 redicitis
240 1553 419 1618 rudimenta
451 1556 586 1620 formate
618 1558 701 1629 sunt,
734 1571 866 1638 quornm
900 1555 1057 1638 principes
1091 1555 1225 1620 fratrum

102 1654 262 1721 refectioni
285 1674 357 1723 suae
381 1658 521 1724 adsolent
536 1676 723 1741 praeponere
740 1658 920 1724 uoluntates
936 1662 968 1723 et
982 1658 1226 1724 obstinatissime

101 1759 133 1822 id
155 1759 236 1841 quod
259 1760 357 1825 semel
379 1763 483 1825 mente
505 1761 703 1844 conceperint
725 1766 943 1844 exsequuntur.
982 1764 1121 1826 ceterum
1142 1762 1225 1827 seui·

102 1880 170 1925 ores
193 1864 301 1945 nostri,
323 1880 455 1945 quornm
478 1863 549 1931 fidei
573 1864 814 1945 apostolieamm
845 1864 934 1947 sigua
956 1865 1113 1930 uirtutum
1135 1866 1226 1930 testi·

102 1963 239 2029 monium
284 1964 487 2033 reddiderunt
537 1968 650 2050 quique
695 1966 842 2031 uniuersa
884 1968 1000 2033 iudicio
1043 1968 1147 2051 potius
1190 1985 1227 2032 ao

67 2067 289 2133 indiscretione
308 2069 435 2151 spiritus
458 2088 552 2153 qnam
578 2069 681 2152 rigida
702 2070 800 2134 animi
823 2069 1033 2135 obstinatione
1049 2072 1223 2153 gesseruut,

101 2188 151 2234 eos
183 2171 237 2253 qni
267 2171 376 2237 alienis
406 2172 644 2238 infirmitatibus
675 2174 912 2255 adquiescerent
941 2174 1040 2238 multo
1065 2172 1225 2239 uberiores

100 2272 221 2339 iructue
244 2293 336 2356 qnam
360 2294 410 2341 eos
434 2277 542 2360 quiin
568 2279 633 2343 suis
648 2276 882 2343 definitionibus
897 2279 1101 2357 perdurarent
1116 2294 1225 2358 capere

99 2380 292 2457 censuerunt,
315 2378 570 2463 sublimiorisque
591 2381 873 2464 pronuntiauernut
890 2398 957 2446 esse
971 2380 1101 2445 uirtutis
1116 2384 1224 2445 conte-

98 2497 169 2561 gere
192 2481 297 2561 potius
319 2482 547 2564 continentiam
569 2484 744 2549 necessario
772 2484 831 2548 boo
844 2486 882 2549 ut
896 2484 1015 2549 dictum
1029 2488 1079 2548 eet
1092 2482 1224 2547 bumili-

65 2603 157 2666 ecque
180 2586 341 2651 mendacio
363 2605 456 2670 quam
478 2586 652 2670 patefacere
675 2586 973 2671 superbossueritatie
994 2584 1121 2654 indicio.

141 2705 279 2773 XXIIII.
314 2709 453 2790 Denique
487 2710 581 2774 abbas
615 2709 749 2773 Piamnn
783 2711 852 2791 poet
886 2707 1003 2792 uiginti
1031 2707 1064 2773 et
1089 2705 1223 2789 quinque

98 2827 194 2875 annos
225 2803 363 2877 obitam
394 2811 452 2877 sibi
476 2814 649 2894 aquodam
682 2812 780 2876 tratre
802 2828 896 2877 uuam
919 2829 956 2876 ac
975 2813 1085 2876 uiuum
1107 2809 1224 2891 absque

97 2911 306 2979 haesitatione
342 2915 513 2997 eusnpiene
550 2915 713 2980 confestim
750 2932 788 2979 ea
823 2931 902 2996 quae
938 2915 1062 2998 ingestu
1096 2911 1230 2977 buerant

97 3021 205 3081 contra
240 3013 494 3083 consuetudinem
527 3017 693 3100 degustare
727 3033 822 3099 quam
849 3017 975 3100 ignotae
1003 3014 1122 3082 cundia
1150 3033 1224 3080 oon·

64 3119 249 3187 cotinentiae
284 3119 398 3185 maluit
430 3119 594 3204 propalare
627 3121 792 3185 uirtutem.
828 3136 903 3186 uam
933 3121 961 3184 si
989 3118 1071 3185 illud
1103 3133 1223 3200 quoque

98 3223 291 3287 considerare
315 3223 449 3287 uelimus
471 3223 553 3305 qnod
575 3224 711 3288 seniores
733 3226 856 3288 nostros
877 3223 1092 3288 incunctanter
1113 3220 1223 3285 iecisse

96 3325 309 3404 meminimus,
347 3329 399 3408 qui
437 3324 594 3392 mirabilia
637 3325 795 3392 uirtutum
832 3343 959 3391 suarum
996 3325 1047 3389 uei
1083 3323 1223 3406 proprios

96 3431 196 3511 actus,
226 3443 302 3511 quos
333 3445 454 3494 necesse
484 3431 550 3494 erat
580 3429 619 3495 ad
649 3429 885 3494 instructionem
911 3427 1069 3493 iuniorum
1091 3425 1126 3490 iu
1149 3443 1222 3490 con·

148 3661 262 3734 1quam
280 3663 388 3720 orn-11²
474 3665 718 3734 percontantiusii
747 3665 983 3734 percunctantibus
995 3665 1031 3716 Τ*
1119 3663 1222 3717 uren·

94 3765 172 3804 amur
189 3751 219 3802 Π
303 3750 489 3806 ineuitabilem
506 3751 546 3804 Πι
630 3751 799 3819 dporsimus
818 3750 843 3803 0
931 3752 948 3804 5
965 3764 1093 3804 rennuere
1109 3748 1140 3800 Π
1143 3747 1223 3801 ῬΟε

96 3851 206 3890 renuere
228 3837 296 3888 W
421 3835 538 3904 uinculo]
557 3835 598 3890 uti
617 3835 713 3904 puculo
731 3835 835 3904 (poculo
852 3851 886 3889 era
904 3836 935 3902 2)
952 3835 983 3885 Π
1103 3833 1222 3902 conlegi·

96 3937 154 3978 nnus
171 3921 201 3974 Π
298 3924 314 3978 6
332 3925 474 3978 renuentes
492 3923 563 3976 tw
661 3921 799 3976 imobiiem
815 3922 847 3974 H
943 3918 1220 3976 flmouarthericrum

96 4009 124 4060 Σ
229 4009 258 4062 ll
285 4008 425 4064 nolmtate
449 4008 489 4059 11¹
592 4007 807 4078 opetiuatissirae
829 4009 856 4060 Y
957 4005 989 4060 12
1011 4009 1168 4060 exsecuntur
1193 4004 1222 4058 Σ

96 4093 280 4150 erecnutnrO
367 4095 400 4148 15
412 4093 583 4150 discretionis
596 4094 695 4163 spiritu
707 4095 733 4144 Τ
816 4107 869 4160 qua
886 4093 915 4144 Σ
1000 4090 1096 4159 regide
1112 4090 1153 4145 Π*

97 4181 130 4234 18
146 4180 370 4249 sublimioresqne
387 4179 427 4232 Πι
513 4179 546 4234 21
564 4181 673 4248 piamon
691 4179 763 4230 ΠΨ
845 4176 921 4232 XXV
939 4179 965 4230 Y
1046 4175 1082 4232 22
1099 4175 1220 4232 obtutum

95 4265 315 4322 Hadiatemi'
415 4266 487 4320 Μ’
587 4265 766 4333 2tgestai'
865 4261 1223 4330 teportuirtutemi'e'ee

95 4367 181 4422 consp.
198 4351 291 4407 ncces
315 4349 389 4406 XXV
493 4350 527 4404 ut
545 4354 621 4405 actus
640 4349 762 4419 proprios
779 4351 805 4402 t'
904 4347 939 4402 28
956 4347 1107 4402 conlatione
1123 4347 1153 4400 Π
