3009 5200
273 425 338 490 364
665 426 831 480 Iohanni·
848 425 1006 480 cassiani

273 616 485 681 miserioordia
514 617 697 693 roboraoeet,
727 623 760 680 et
788 617 931 681 inefficax
959 619 1028 681 eiua
1051 618 1199 682 uoluntas
1227 619 1341 683 tuimet
1361 637 1400 683 ae

274 723 385 787 uirtus.
413 720 475 783 nisi
504 720 600 783 etiam
626 721 794 803 peragendi
821 723 953 801 oopiant,
981 739 1062 802 quae
1090 739 1324 803 nonnunqum
1345 723 1400 787 uel

273 823 426 886 sioeitatis
456 823 506 886 uel
536 824 686 886 imbrium
715 823 883 886 nimietate
907 822 1081 898 fraudatur,
1103 826 1210 889 diuina
1230 826 1401 890 elementia

242 926 491 1006 tpnaeousset
531 945 604 990 nam
627 945 698 990 enin
721 934 753 988 et
775 927 870 989 bourn
892 927 995 989 uirtna
1016 936 1050 990 et
1070 927 1190 992 sanitae
1210 930 1350 1010 eorporis
1366 938 1400 991 et

272 1029 411 1092 omnium
435 1030 565 1094 effoetus
578 1049 706 1113 operum
722 1032 913 1111 actuumque
926 1031 1117 1112 prosperitas
1129 1051 1149 1095 a
1162 1032 1288 1097 domino
1303 1032 1402 1096 luerit
1422 1055 1439 1094 a

273 1135 453 1214 oondonata‚
475 1133 627 1197 orandum
648 1137 697 1196 eet
719 1153 759 1196 ao
773 1132 830 1197 liat
851 1133 881 1196 ei
901 1142 986 1197 aeut
1005 1136 1158 1217 scripturn
1172 1144 1224 1198 eat
1244 1137 1400 1199 eaelum

272 1255 424 1299 aereum
461 1240 499 1300 et
531 1239 642 1299 terra
674 1235 821 1307 farrea,
853 1240 889 1298 ot
915 1256 954 1299 ne
984 1237 1186 1301 residuum
1214 1238 1402 1302 lucustae

272 1339 449 1405 comedat
470 1339 641 1402 brucbna
662 1344 701 1404 et
722 1339 922 1403 residuunt
943 1339 1085 1404 bruchi
1105 1359 1221 1406 eruca
1239 1340 1401 1405 deuoret

271 1447 311 1506 et
343 1443 542 1506 residuum
575 1459 715 1504 erucae
749 1439 888 1522 robigo
920 1446 1139 1509 consumat.
1183 1463 1242 1508 noe
1273 1445 1307 1508 in
1338 1445 1402 1508 boe

272 1550 397 1610 nutum
427 1555 499 1627 eget
521 1544 700 1608 diuinitatis
722 1543 839 1609 auxilio
859 1545 1015 1626 agricolae
1043 1546 1211 1612 laborantia
1231 1547 1440 1617 neustriam

271 1650 334 1714 niai
356 1651 453 1712 etiam
473 1648 648 1730 insperatos
668 1656 794 1709 auertat
814 1665 916 1724 naua,
937 1647 1064 1728 quibua,
1085 1650 1208 1714 etiamsi
1221 1651 1400 1716 desiderata

272 1753 434 1816 fruetuum
465 1751 656 1814 lemnditate
687 1769 763 1832 ager
794 1749 891 1814 fuerit
911 1752 1079 1832 opimatur,
1108 1771 1171 1816 non
1199 1756 1302 1818 solun
1330 1756 1400 1837 spei

271 1875 347 1919 suae
367 1873 452 1920 uana
472 1856 686 1936 expectatione
700 1853 915 1930 frustrabitur,
943 1873 1053 1919 norunt
1067 1857 1165 1919 etiam
1179 1868 1401 1939 perceptarum

271 1963 304 2021 et
326 1958 556 2022 reoonditarum
578 1959 641 2021 iarn
664 1956 715 2020 uel
736 1958 770 2021 in
791 1975 864 2020 area
891 1957 942 2021 uel
967 1959 1000 2020 in
1022 1958 1131 2022 horreo
1153 1959 1281 2042 frugum
1301 1959 1400 2023 uber·

239 2059 336 2126 btate
353 2064 560 2126 fraudabitur.
583 2061 698 2143 quibus
712 2061 877 2124 manate
890 2062 1052 2142 colligitur
1066 2081 1127 2126 nou
1143 2064 1245 2127 solum
1256 2066 1399 2128 aetum
1410 2089 1439 2128 ιε

271 2185 380 2229 nerum
410 2166 508 2228 etiarn
537 2166 764 2246 cogitationum
792 2164 944 2226 bonarum
965 2183 1002 2228 ex
1024 2164 1082 2228 deo
1105 2185 1174 2230 eaeo
1193 2166 1399 2248 principium,

270 2269 324 2348 qui
353 2269 442 2332 nobis
471 2282 503 2330 et
533 2269 624 2331 initia
653 2276 783 2330 metae
815 2268 990 2330 uoluntatis
1018 2269 1155 2350 inspirat
1183 2280 1217 2331 et
1242 2271 1399 2333 uirtutem

270 2384 363 2454 atque
385 2375 629 2453 oportunitatem
652 2389 760 2434 eorum
790 2390 870 2451 qnae
899 2384 985 2435 reete
1006 2372 1151 2454 cupimus
1172 2373 1288 2435 tribuit
1309 2391 1400 2454 pera·

270 2478 378 2558 gendi:
401 2496 513 2542 omne
534 2477 617 2538 enini
640 2475 772 2538 (latum
799 2475 938 2539 bonurn
959 2486 997 2538 ot
1018 2494 1129 2540 ornne
1149 2477 1290 2539 donum
1312 2493 1399 2555 per-

270 2581 414 2645 tectum
436 2579 653 2644 desursum
675 2589 738 2642 eat
760 2579 1039 2643 descendensa
1056 2590 1170 2662 patre
1192 2580 1438 2648 luminum

269 2685 323 2764 qni
345 2697 377 2746 et
400 2683 509 2763 incipit
529 2702 610 2764 quae
631 2681 714 2746 bona
735 2693 811 2745 sunt
834 2691 867 2745 ot
887 2685 1067 2763 exsequitur
1086 2686 1121 2746 et
1141 2695 1341 2747 oonsurnrnat
1362 2684 1398 2746 in

270 2788 368 2861 nobis,
384 2788 507 2850 dioente
520 2788 677 2867 apostolo:
700 2787 767 2867 qui
780 2790 908 2850 autem
924 2786 988 2850 dat
1007 2805 1140 2850 semen
1161 2787 1397 2865 seminanti,

269 2897 309 2949 et
342 2907 477 2969 panem
510 2892 555 2953 ad
589 2893 900 2953 manducandum
933 2890 1158 2969 praestabit
1191 2896 1228 2952 et
1259 2891 1397 2955 multi-

269 2990 445 3073 plieabit
467 3011 597 3055 sennen
620 3000 798 3057 nestrum
820 3006 858 3056 et
881 3010 1061 3056 erescere
1086 2994 1214 3058 laniet
1235 2992 1398 3057 fruetus

239 3095 453 3157 binatitiae
474 3106 644 3159 uestrae.
680 3103 822 3159 nostrum
845 3115 918 3159 uero
940 3109 1001 3175 eat,
1028 3109 1065 3159 nt
1086 3096 1201 3159 mulie
1221 3096 1436 3162 anuum-a

270 3207 334 3261 ton
357 3217 413 3261 noa
434 3198 571 3278 gratiam
594 3199 644 3261 dei
666 3198 832 3262 humiliter
859 3201 1095 3281 subsequamur,
1121 3198 1173 3261 uel
1194 3211 1277 3262 uerte
1297 3199 1397 3262 (lura

373 3371 406 3422 15
422 3366 521 3436 quibus
534 3368 678 3421 munirem
688 3407 695 3418 .
705 3407 713 3419 .
723 3410 730 3421 .
741 3411 747 3421 .
758 3386 784 3437 p
796 3369 856 3432 365,
868 3370 886 3422 6
899 3370 1044 3422 noluerunt
1055 3368 1168 3436 reuerti]
1181 3368 1274 3436 Prosp-
1285 3370 1342 3433 22

370 3587 600 3647 oneutaeaa
686 3585 855 3644 Hoetu
949 3586 1148 3651 lahem?
1234 3586 1395 3641 uantur.

268 3674 346 3725 alo
447 3672 651 3730 &Aetlt'ol

320 3837 573 3905 betianileatnll
663 3834 1231 3905 lnamjnarnetl'.redetrlelu.2
1314 3833 1396 3885 bourn

268 3922 539 3975 T:bonurn>.“llO
623 3923 814 3977 5altectusr
895 3920 1118 3973 ‘r'loouataaffl
1204 3919 1395 3973 Soonetlebat

268 4011 307 4059 ll'
394 4007 755 4060 brueuaZOrtTuss
840 4002 1328 4059 omnisomeiranero

269 4095 379 4146 deno-ret
396 4110 474 4146 uuna
493 4097 518 4145 Τ
616 4094 749 4162 Srnbigo
767 4095 796 4145 ll
805 4094 854 4145 m
955 4094 990 4146 13
1004 4101 1148 4160 aptetat
1167 4094 1192 4142 T
1287 4090 1319 4142 tt
1335 4091 1396 4161 qui]

268 4179 366 4245 quibua
385 4182 411 4230 ‘l'
492 4180 524 4233 21
538 4178 712 4248 exequiturO
796 4179 970 4246 22apoatulo
988 4179 1029 4227 Π·
1114 4177 1331 4229 uli-uetula?

267 4265 607 4334 ffiuottl'quotidiet)
691 4265 925 4318 adtrabatem
1008 4262 1399 4331 fflgntialatddo

268 4352 386 4435 gratini
403 4386 425 4432 o
