3009 5200
479 452 641 509 conlatio
664 451 727 519 Vll,
745 455 821 511 5-8
1151 459 1214 527 189

75 640 198 723 ingenti
231 638 333 707 nordio
357 640 544 708 contritione
574 641 787 710 eonsoondere.
823 641 934 711 homo
964 646 1047 710 enim
1078 646 1210 713 labori

73 744 270 811 nascitur.
309 744 364 827 qni
386 746 614 811 utinuirum
636 744 857 829 perfeetum
873 746 973 830 possit
988 764 1207 829 oeonrrere,

72 850 108 910 in
138 865 368 913 mensuram
397 848 548 914 aetatis
578 846 852 932 plenitudinis
882 849 1057 930 Christi,
1091 852 1209 919 maiore

73 969 144 1015 enm
176 967 304 1016 neeesse
333 953 383 1016 est
411 950 587 1017 intentione
617 968 739 1033 semper
770 969 838 1017 esse
866 950 1050 1037 peruigilem
1079 954 1208 1039 ingique

54 1052 290 1118 senilinitudine
313 1052 474 1121 desudare.
511 1055 550 1120 ad
572 1054 660 1120 ouius
676 1055 784 1121 tamen
799 1073 963 1121 mensurae
977 1056 1240 1140 plenitudinem4

73 1176 166 1223 nemo
194 1157 361 1240 perueniat
391 1156 471 1223 alias
500 1158 532 1223 in
562 1158 713 1235 futurum,
744 1156 805 1224 nisi
829 1158 883 1241 qni
906 1159 1148 1237 praemeditatos
1171 1164 1206 1227 et

73 1261 202 1326 inbutus
235 1279 272 1326 ea
301 1260 396 1326 feerit
425 1261 459 1326 in
487 1260 645 1343 praesenti
673 1279 803 1345 eamque
825 1261 925 1327 adhno
945 1262 979 1328 in
1002 1262 1062 1329 hoo
1082 1262 1208 1330 saesnlo

71 1365 195 1446 positus
218 1363 414 1447 praelibant,
437 1362 613 1447 Christique
636 1365 813 1431 membrum
835 1365 1098 1448 pretiosissimum
1121 1368 1204 1435 desi·

71 1470 186 1552 gnatus
217 1485 321 1533 arram
351 1466 530 1552 conpaginis
552 1468 648 1553 illius,
674 1486 729 1551 per
751 1485 843 1552 quam
867 1470 986 1553 eorpori
1008 1471 1077 1537 eins
1099 1472 1206 1538 ualeat

43 1571 224 1655 recopulari,
247 1574 280 1639 in
302 1572 361 1637 has
383 1589 475 1637 earne
503 1570 683 1654 possederit,
710 1590 807 1637 unum
829 1573 993 1639 dumtaxat
1014 1574 1203 1654 desiderans,

72 1694 170 1739 nnnm
200 1675 322 1753 sitiam,
352 1674 392 1741 ad
418 1692 516 1741 unnm
539 1692 646 1740 omnes
668 1692 731 1739 non
753 1675 856 1740 solnm
877 1679 967 1742 aetus
987 1695 1069 1759 suos,
1091 1696 1203 1743 nerum

71 1778 169 1842 etiam
194 1778 400 1861 eogitstiones
423 1796 543 1862 semper
557 1778 733 1857 intendens,
756 1780 793 1843 nt
808 1778 899 1857 illud,
915 1782 996 1863 qnod
1010 1779 1044 1845 in
1059 1780 1202 1847 fotnmm

71 1880 188 1947 dieitur
219 1882 258 1947 de
288 1881 381 1947 beata
414 1882 650 1948 oonuersatione
683 1885 873 1958 sanatorum,
909 1883 972 1948 ism
1001 1883 1202 1950 subarratum

71 1986 176 2051 enar
198 1984 425 2067 inpraesenti,
447 1984 481 2049 id
503 1989 551 2050 est
573 1986 615 2051 sit
637 1986 666 2051 ei
681 1986 779 2053 deus
803 1985 930 2051 omnia
950 1986 990 2052 in
1012 1986 1203 2053 omnibus.

42 2128 62 2168 s
109 2106 183 2171 VIL
223 2122 421 2171 samaeus:
455 2106 566 2172 Posset
597 2106 730 2173 forsitan
764 2105 840 2173 haee
873 2107 1054 2174 uolubilitas
1086 2107 1204 2173 montis

68 2210 269 2294 aliquatenus
285 2209 450 2289 nohereeri,
466 2208 493 2274 si
509 2227 576 2275 eam
592 2228 653 2275 nen
668 2209 775 2274 tantm
792 2209 1041 2277 aduersariorum
1052 2228 1203 2275 numerus

68 2312 313 2379 eimumuallans
346 2312 385 2377 ad
419 2330 456 2377 ea
485 2330 562 2397 quae
592 2330 653 2377 non
683 2312 763 2388 nult,
793 2314 890 2378 immo
920 2330 979 2395 qno
1008 2312 1098 2379 illam
1126 2332 1202 2379 suae

68 2436 188 2501 qnoque
214 2417 345 2481 naturae
367 2414 529 2481 mobilitas
552 2415 646 2499 rapit,
668 2414 881 2481 indesinenter
895 2413 1070 2498 inpelleret.
1105 2434 1199 2498 qnam

67 2540 136 2586 enm
181 2522 254 2586 tam
297 2517 553 2601 innumerabiles,
591 2522 659 2584 tam
695 2518 839 2602 potentes
880 2518 1006 2602 tamque
1042 2518 1201 2585 terribiles

40 2626 286 2708 eeireumagant
319 2622 449 2702 inimioi,
483 2622 586 2688 rosisti
619 2619 685 2687 illis
716 2623 756 2688 ab
788 2623 845 2688 bae
874 2621 1059 2706 praesertim
1092 2621 1198 2706 fragili

66 2747 157 2794 earne
187 2725 372 2811 inpossibile
402 2723 607 2802 traderemus,
638 2723 699 2790 nisi
721 2726 761 2790 ad
783 2724 864 2790 hane
887 2723 1060 2808 opinionem
1083 2725 1200 2790 uestris

67 2831 234 2896 sententiis
257 2827 347 2894 uelut
368 2829 550 2895 eoelestibns
573 2827 787 2894 animaremur
810 2826 956 2894 ornenlie.

106 2949 203 3015 VIII.
227 2965 394 3016 sannam:
417 2947 621 3016 Aduersarios
647 2950 773 3033 quidem
795 2949 885 3015 nobis
907 2949 1024 3032 ingiter
1045 2948 1198 3031 insidiari,

67 3055 261 3136 quicumque
290 3050 445 3118 interioris
474 3052 609 3120 hominis
640 3053 757 3137 experti
787 3057 862 3119 sunt
890 3070 1020 3136 pugnas,
1053 3051 1197 3119 dubitare

40 3173 129 3220 enon
149 3158 294 3240 possunt.
332 3155 386 3221 sed
405 3156 452 3220 ita
467 3155 601 3221 dieimns
617 3155 674 3222 hos
691 3155 806 3221 nostris
821 3155 1009 3239 profectibus
1025 3155 1196 3235 aduersari,

68 3265 103 3323 nt
126 3278 179 3324 eos
204 3259 423 3325 tantummodo
449 3259 624 3325 incentores
645 3258 813 3338 malornm,
837 3278 898 3326 non
914 3260 1008 3325 etiam
1022 3259 1196 3342 impulsores

69 3381 135 3428 esse
157 3365 331 3430 medamns.
371 3365 505 3429 oetemm
533 3362 637 3430 nullus
659 3363 823 3430 hominum
836 3366 940 3448 posset
955 3365 1079 3429 omnino
1094 3365 1197 3429 uitare

172 3587 189 3637 1
207 3583 258 3638 ron
275 3585 300 3649 s,
319 3583 335 3636 r
436 3583 538 3654 saph.
555 3585 582 3651 e,
602 3585 633 3639 ne
737 3583 881 3640 141001.
900 3586 940 3650 15,
958 3584 993 3638 re

121 3791 134 3842 1
159 3789 248 3845 labori
270 3785 370 3860 (κόπῳ)
394 3789 504 3858 scripsi:
533 3789 623 3843 labore
649 3789 754 3844 V¹D'P
781 3771 898 3843 ¹¹¹labore
922 3789 962 3855 (lo
985 3789 1073 3856 κόπῳ)
1097 3787 1132 3842 V'
1160 3786 1194 3840 ad

69 3873 157 3929 labore
180 3875 203 3930 0
235 3873 269 3928 ad
287 3875 404 3930 laborem
422 3874 576 3929 12²on
597 3874 672 3944 Valg.
777 3875 793 3928 6
817 3875 939 3944 peruenit
964 3873 987 3930 O
1089 3873 1149 3942 quia
1172 3871 1202 3927 V

69 3961 97 4014 P
186 3961 275 4016 lanio
296 3959 446 4015 VDWOX
474 3960 560 4015 seonlo
579 3960 608 4013 P
700 3958 920 4029 8praelibsrsrit
937 3959 977 4013 D¹
1070 3960 1195 4028 dpqna

67 4047 107 4099 D¹
194 4045 229 4100 10
245 4044 390 4115 possiderit
413 4045 526 4102 VWOP
611 4047 642 4100 11
662 4049 735 4100 setes
753 4045 794 4099 1)ι
875 4061 938 4099 anns
959 4045 987 4100 V
1070 4044 1102 4098 12
1120 4044 1195 4115 eogi-

67 4131 181 4186 tationia
204 4131 232 4184 V
331 4131 366 4186 15
388 4131 474 4200 possit
498 4130 604 4187 VD¹W
705 4131 738 4185 16
760 4129 870 4185 eoeroeri
888 4131 956 4184 D¹P
985 4129 1125 4186 ooibsriO

69 4218 184 4273 numeria
201 4217 243 4272 D¹
343 4218 376 4272 19
394 4215 533 4272 torrebilss
554 4217 591 4273 V¹
688 4217 722 4270 20
740 4215 835 4286 fragili
852 4232 903 4270 om.
925 4215 987 4272 WO
1086 4216 1119 4270 21
1137 4233 1194 4272 ere·

68 4305 320 4361 teramnensem
339 4303 374 4360 W
466 4303 501 4358 22
517 4319 701 4360 anemarsmur
719 4304 760 4359 D¹
787 4304 937 4358 animamur
953 4304 1001 4359 W¹
1094 4303 1128 4358 23
1147 4304 1194 4360 ad·

69 4395 194 4448 nersarius
218 4392 268 4449 VO
373 4391 407 4445 21
425 4391 509 4462 possit
531 4391 623 4447 VD¹O
