3009 5200
259 441 323 510 558
644 438 813 494 Iohannis
836 440 997 496 Cassiani

257 647 391 715 poenam
412 630 468 714 pro
489 630 586 697 tantis
599 627 784 694 criminibus
798 627 959 709 inferenti,
977 630 1004 695 si
1019 628 1146 696 dorae
1160 631 1218 708 est,
1233 633 1383 714 quodam·

257 734 351 799 modo
373 732 507 799 obsistam
528 733 561 798 et
583 731 671 814 qnasi
692 730 787 797 inniti
802 736 838 797 ut
853 734 899 798 ita
914 732 1047 799 dixerim
1062 730 1201 799 dextram
1216 735 1384 818 suspendat

229 837 381 905 3nltcris.
419 855 528 903 nuum
555 836 633 901 baec
661 836 766 903 omnia
795 835 884 903 uobis
913 837 966 901 nel
991 854 1047 920 pro
1069 838 1224 923 sapientia
1246 840 1383 905 natarali

256 942 309 1007 uel
329 958 384 1024 pro
406 940 562 1007 indefesso
583 956 744 1006 sacrarum
766 940 871 1006 studm
900 940 1078 1006 litterarum
1100 941 1147 1007 ita
1168 940 1294 1025 cognite
1315 960 1384 1008 essa

254 1061 317 1111 non
345 1045 479 1128 ambigo,
510 1046 547 1108 nt
573 1044 612 1109 de
642 1042 693 1108 his
721 1043 825 1126 prima
846 1044 1001 1126 plantatio
1023 1046 1148 1111 uestrae
1169 1044 1418 1113 concursioniss

254 1148 431 1215 inoleuerit.
468 1147 600 1229 denique
622 1164 684 1213 non
705 1145 744 1211 de
765 1147 976 1229 paenitentiae
998 1149 1161 1231 qualitate,
1185 1151 1242 1216 sad
1263 1148 1301 1215 de
1314 1148 1383 1215 eine

248 1252 316 1318 line
336 1270 372 1317 ac
394 1248 618 1317 satisfactionis
639 1248 756 1315 indicio
779 1248 906 1315 solliciti
932 1252 964 1316 id
985 1254 1067 1334 qood
1087 1250 1128 1316 ab
1150 1250 1222 1317 aliis
1241 1256 1382 1335 preater·

255 1356 387 1421 missum
409 1356 458 1421 eet
477 1352 682 1438 sagacissima
703 1352 945 1436 interrogatione
968 1354 1151 1438 disquiritis.

299 1476 337 1544 V.
359 1474 555 1558 Quapropter
575 1478 613 1539 nt
633 1476 719 1539 omni
744 1472 899 1541 breuitate
922 1478 1015 1557 atque
1031 1476 1199 1559 conpendio
1213 1476 1382 1560 propositi-

253 1579 322 1647 onis
344 1582 466 1645 uestrae
488 1578 643 1644 desiderio
664 1578 809 1657 satisfiat,
838 1578 1051 1661 paenitentiae
1076 1581 1168 1663 plena
1190 1584 1222 1646 et
1243 1581 1419 1665 perfectae

253 1683 392 1751 delinitio
423 1684 481 1761 est,
511 1682 549 1747 ot
577 1683 713 1765 peraeta
742 1699 798 1764 pro
831 1681 945 1765 quibas
977 1683 1211 1766 paenitudinem
1242 1684 1381 1769 gerimus

252 1788 306 1853 nel
327 1786 440 1869 quibus
462 1786 570 1850 nostra
592 1783 782 1850 conscientia
803 1785 1005 1864 remordetur,
1038 1804 1233 1871 nequaquam
1248 1788 1380 1854 ulterius

251 1891 462 1956 admittamus.
498 1888 650 1953 indicium
680 1906 754 1953 uero
783 1888 1011 1955 satisfactionis
1040 1892 1073 1955 et
1094 1891 1308 1974 indulgentiae
1331 1896 1380 1957 est

222 1984 384 2061 taffectus
413 2008 520 2059 eorum
542 2005 664 2074 quoque
685 1990 724 2056 de
745 1992 863 2057 nostris
886 1992 1032 2057 cordibus
1054 1994 1219 2076 expulisse.
1256 1996 1379 2062 nouerit

251 2096 336 2163 enim
369 2095 581 2178 unnsquisque
611 2094 744 2159 necdum
778 2110 812 2159 se
843 2095 981 2176 peccatis
1014 2095 1154 2179 pristinis
1187 2097 1417 2184 absolutum‚rs

251 2199 401 2284 quamdin
429 2200 459 2264 ei
487 2196 697 2264 satisfactioni
726 2200 759 2261 et
788 2196 959 2280 gemitibus
987 2196 1147 2265 incubanti
1176 2200 1228 2265 uel
1250 2201 1378 2269 illorum

249 2320 331 2387 qnae
355 2304 421 2388 ogit
441 2300 492 2368 nel
514 2300 667 2366 similium
683 2299 851 2367 criminum
869 2302 941 2366 ante
956 2302 1059 2367 oculos
1075 2305 1176 2388 imago
1190 2306 1377 2387 praeluserit

249 2421 417 2490 eorumque
440 2424 501 2471 non
523 2406 626 2471 dicam
648 2405 827 2489 oblectatio,
854 2406 909 2471 sed
923 2406 974 2473 uel
992 2406 1163 2472 recordatio
1179 2406 1375 2477 infestanerit

248 2510 365 2577 mentis
394 2528 518 2576 arcana.
554 2508 661 2593 itaque
690 2510 766 2574 tnnc
794 2526 827 2573 ss
857 2510 884 2573 is
914 2509 968 2592 qui
991 2528 1046 2592 pro
1069 2510 1280 2577 satisfactione
1302 2532 1372 2596 par·

140 2603 145 2616 ’
248 2615 364 2700 uigilet
384 2612 566 2681 criminibus
587 2611 767 2678 absolutum
782 2630 819 2677 ac
835 2613 873 2678 de
888 2614 1067 2696 praeteritis
1083 2615 1230 2682 admissis
1246 2621 1371 2686 ueniam
1381 2633 1408 2676 ὀ

246 2719 419 2803 percepisse
450 2715 623 2802 cognoseat,
655 2730 729 2779 oum
765 2731 960 2798 nequaquam
994 2733 1045 2782 cor
1077 2735 1169 2784 sunm
1203 2724 1370 2787 eorundem

219 2823 399 2890 initiorum
420 2819 585 2886 inlecebris
606 2820 740 2883 senserit
756 2818 808 2883 nel
821 2819 1045 2902 imaginatione
1059 2822 1236 2907 perstringi.
1259 2843 1369 2907 qnam·

247 2929 354 2992 obrem
383 2923 565 2989 adussimus
593 2922 721 3004 qnidam
748 2923 941 2988 examinator
969 2923 1179 3007 paenitentiae
1215 2927 1247 2992 et
1278 2927 1370 2994 index

246 3027 461 3111 indulgentiae
488 3027 522 3092 in
551 3025 739 3090 conscientia
768 3021 885 3092 residet
913 3029 1030 3104 nostre,
1059 3029 1113 3110 qui
1143 3027 1368 3096 absolutionem

247 3136 351 3198 reatem
374 3130 470 3196 nostri
494 3131 566 3194 ante
587 3128 774 3213 cognitionis
803 3132 836 3194 et
864 3128 973 3194 iudicii
995 3129 1078 3195 diem
1100 3129 1203 3197 adhuc
1224 3133 1312 3199 nobis
1334 3134 1405 3198 inre

248 3235 308 3299 lrno
336 3250 427 3297 carne
454 3231 717 3297 commorantibus
733 3232 866 3315 'detegit
898 3237 929 3296 et
951 3231 1052 3298 'linem
1082 3233 1307 3301 satisfactionis
1332 3254 1369 3303 ae

247 3334 435 3403 remissionis
456 3335 590 3418 gratiam
612 3334 732 3417 pandit.
766 3335 799 3398 et
821 3337 855 3401 ut
878 3333 955 3400 haee
978 3338 1086 3402 eadem
1104 3352 1182 3418 qnae
1197 3337 1372 3404 dictasunt

299 3609 461 3664 linfaxento
477 3607 560 3665 ΒΕΘ
643 3607 820 3663 41iterarum
838 3605 866 3662 Ζ
948 3607 1162 3676 bconuersionis
1182 3608 1238 3683 Ode
1266 3623 1373 3668 conucr·

246 3686 358 3752 sationis
376 3694 453 3751 BFo
476 3695 574 3764 (prima
590 3695 726 3765 plantatio
743 3693 923 3749 conuersionis
944 3699 977 3751 ret
993 3695 1062 3752 elabi
1077 3695 1193 3752 initium
1210 3709 1258 3752 reu
1274 3695 1374 3766 princi·

244 3783 320 3852 ptum
337 3781 527 3847 conuersionis)
614 3780 631 3834 7
648 3779 848 3836 satisfactiones
866 3779 907 3835 K¹
992 3779 1088 3852 Spart
1099 3781 1251 3852 disquiritis
1262 3783 1375 3838 loibum

244 3867 491 3938 septimense
508 3865 563 3921 13¹:
590 3867 716 3923 small
812 3866 1002 3938 lintonatic
1097 3867 1131 3924 10
1148 3867 1263 3923 sabsflat
1279 3865 1374 3924 BFO:

245 3953 398 4009 satisfacere
414 3952 586 4025 nitimur-to
608 3958 672 4022 post
689 3953 804 4008 nitimur
820 3953 853 4009 ira
868 3969 886 4008 c
903 3969 962 4024 cup.
976 3953 993 4009 5
1009 3953 1123 4025 incipit:
1149 3953 1229 4010 nubo
1246 3967 1313 4010 uero
1331 3949 1374 4008 di·

244 4041 356 4097 madio
372 4041 405 4096 in
421 4039 499 4096 codd.
514 4039 672 4111 madero
775 4039 809 4094 18
826 4055 889 4095 nero
907 4055 958 4096 om.
975 4037 1008 4094 F
1107 4041 1140 4097 14
1156 4055 1262 4112 quoqne
1279 4055 1371 4096 eornm

246 4126 314 4200 Οβν
415 4127 449 4182 16
475 4127 499 4181 ei
525 4124 594 4181 BF:
624 4125 678 4182 sibi
706 4119 773 4196 Ode
796 4126 834 4192 cf.
859 4125 977 4192 XVIII,
1001 4127 1085 4193 11,AE
1187 4125 1374 4182 satisfactione

243 4211 280 4268 Ζ·
383 4213 416 4267 17
433 4211 523 4267 oculos
540 4211 640 4268 aiusO
734 4211 921 4283 preluxcritO
1023 4213 1056 4269 19
1073 4213 1188 4270 archana
1205 4208 1302 4270 ΒΓΚ·

243 4297 279 4352 20
296 4313 318 4365 a,
329 4297 488 4354 criminibus
508 4297 587 4367 O¹p⁹o
681 4299 715 4355 21
734 4297 842 4370 qumO
938 4299 972 4354 22
990 4298 1180 4370 prestringlO
1277 4297 1311 4354 23
1328 4301 1376 4353 est

244 4385 315 4443 etl)
415 4385 449 4440 tl
466 4385 585 4440 residens
604 4383 640 4440 0¹
742 4385 777 4440 26
795 4384 948 4455 despera·
