3009 5200
288 424 352 491 578
678 421 841 475 lobannis
864 420 1019 476 Gratiani

287 614 373 695 piet
407 616 446 678 et
482 612 606 677 uitsm
643 598 854 677 aeternam'
879 612 1114 694 possidebit
1160 631 1216 678 nee
1252 613 1412 679 inmerito.

288 734 351 781 non
379 719 462 781 enim
490 719 558 787 tam
587 716 746 793 laudabile
775 719 824 781 eet
843 718 870 781 si
892 718 933 782 ab
952 718 1084 783 inlicitis
1110 734 1204 799 quam
1226 718 1255 781 si
1277 719 1374 783 etiam
1395 738 1415 782 a

287 820 384 887 licitis
405 822 615 902 temperemus
636 824 670 884 et
683 820 733 884 bis
752 822 880 901 propter
893 821 960 885 eius
976 821 1186 887 reuerentiam
1201 839 1262 886 non
1276 826 1413 897 utamur,

286 928 341 1010 qni
369 944 407 991 ea
435 926 524 991 nobis
552 926 680 1005 propter
708 923 926 988 infirmitatem
954 925 1093 989 noemam
1122 924 1240 989 utente
1259 923 1414 1005 permisit.

256 1029 393 1114 {litaque
424 1030 452 1093 si
485 1029 581 1094 etiam
602 1028 648 1105 bi,
681 1029 736 1110 qni
768 1028 905 1093 decimas
934 1027 1095 1093 fruetuum
1126 1047 1253 1094 suornm
1277 1026 1436 1093 fideliters

285 1135 450 1201 offerentes
470 1134 644 1213 praeceptis
664 1131 783 1194 domini
806 1130 1037 1213 antiquioribus
1054 1132 1257 1210 famulantur,
1280 1135 1413 1197 neodnm

285 1243 412 1323 possunt
434 1234 653 1319 euangelicum
666 1236 790 1300 culmen
805 1235 979 1313 estendere,
1006 1235 1056 1299 illi
1070 1236 1125 1318 qui
1141 1256 1180 1300 ne
1195 1236 1272 1300 lineo
1286 1235 1413 1317 quidem

286 1343 407 1407 faciunt
428 1344 580 1422 quantum
602 1339 642 1402 eb
664 1357 701 1403 eo
721 1340 825 1403 absint
847 1337 1104 1403 manifestissime
1124 1339 1303 1420 poruidetis.
1337 1358 1413 1403 uam

286 1443 547 1528 quemadmodum
574 1443 723 1522 poterunt
751 1440 951 1524 emngelioeo
981 1442 1103 1522 gratiss
1133 1461 1198 1507 esse
1227 1443 1412 1526 participes,

285 1552 338 1632 qui
367 1564 582 1612 consummare
609 1548 705 1609 etiam
731 1545 852 1610 leniora
883 1546 963 1629 legis
991 1550 1157 1628 praecepta
1183 1549 1447 1612 eontemnnntine

286 1668 419 1733 quornm
448 1650 632 1715 facilitatem
660 1666 757 1730 nsque
788 1650 865 1715 adeo
894 1648 1063 1729 imperiosa
1093 1648 1283 1731 legislatoris
1317 1650 1413 1715 uerba

285 1754 452 1831 testantur,
481 1757 519 1817 ut
547 1751 644 1817 etiem
673 1752 876 1817 maledictum
908 1770 969 1817 non
991 1753 1184 1835 inplentibus
1205 1756 1411 1837 proponatur:

284 1858 521 1923 maledictus
563 1859 649 1923 onim
691 1858 795 1938 inquit
838 1858 904 1939 qui
948 1876 1026 1923 uon
1068 1859 1334 1939 permanserit
1371 1860 1412 1923 in

284 1960 469 2025 omnibns
513 1978 610 2043 quae
652 1962 812 2042 scripta
855 1963 947 2025 sunt
990 1961 1029 2024 in
1066 1960 1172 2027 libro
1215 1962 1331 2045 legis,
1368 1968 1412 2026 ut

253 2064 412 2129 lfaoiat
440 2082 492 2129 ea
528 2063 579 2129 bio
600 2064 707 2129 entem
727 2082 785 2146 pro
812 2064 1006 2129 sublimitate
1027 2068 1059 2127 et
1081 2064 1264 2129 excellentia
1289 2064 1445 2130 diciturne

284 2171 518 2235 mandatorum:
554 2170 619 2250 qui
655 2170 788 2250 potest
824 2186 967 2248 cepere
999 2167 1141 2249 capiat
1185 2168 1252 2233 illio
1286 2168 1411 2251 legiferi

283 2273 423 2339 uiolenta
457 2272 617 2354 conpulsio
652 2274 888 2353 praeceptorum
924 2271 1043 2337 indicat
1078 2272 1285 2352 paruit-stem:
1323 2292 1410 2338 oon-

283 2376 412 2440 testor
443 2376 529 2441 enim
560 2374 667 2457 inquit
696 2375 809 2440 uobis
846 2374 960 2441 hodie
996 2376 1148 2441 ceolum
1180 2378 1218 2441 et
1249 2378 1409 2452 terrsm,

283 2478 386 2560 quod
422 2479 455 2544 si
492 2496 568 2543 non
605 2479 890 2543 custodieritis
934 2482 1122 2545 mandata
1161 2480 1306 2546 domini
1343 2481 1409 2545 dei

282 2582 425 2670 nestri,
469 2581 665 2663 peribitis
702 2601 721 2648 a
757 2581 861 2648 faeie
898 2585 1037 2649 terrae.
1088 2584 1138 2650 bio
1174 2582 1448 2668 magnifioentiese

282 2684 467 2750 sublimium
487 2687 707 2752 mandatorum
727 2686 798 2768 ipsa
823 2705 885 2753 non
907 2691 973 2754 tem
989 2687 1173 2771 imperantis
1187 2706 1282 2770 quam
1295 2689 1409 2754 adhor-

282 2787 382 2853 tantis
410 2789 591 2854 condioione
609 2789 774 2874 signatur:
798 2791 830 2854 si
852 2791 913 2856 uis
943 2790 1146 2872 perfectus
1169 2810 1269 2872 osse,
1293 2789 1410 2869 unde,

281 2891 331 2956 teo
352 2892 410 2957 hoo
431 2896 488 2957 out
509 2892 599 2960 illud.
632 2893 677 2958 ibi
703 2893 914 2960 inexcusabile
935 2893 1032 2960 etiam
1047 2895 1263 2962 recusantibus
1280 2895 1409 2978 Moyses

281 2996 401 3075 pondus
421 2994 553 3077 inponit,
575 2996 627 3062 bio
650 2997 781 3064 oonsilio
807 3000 931 3064 tuntum
953 2999 1130 3067 uolentibus
1153 3002 1185 3066 ot
1207 3002 1246 3064 ud
1261 2998 1409 3082 perfecti·

252 3101 372 3165 tionem
409 3096 631 3164 festinantibus
664 3101 781 3166 Paulus
815 3101 959 3166 occurrit.
1005 3121 1066 3168 non
1099 3105 1184 3168 enim
1217 3103 1448 3184 generaliteres

384 3301 418 3356 13
443 3301 523 3357 Dent
550 3302 593 3367 21,
616 3301 652 3356 26
757 3305 789 3358 16
815 3304 865 3360 Mt.
891 3307 931 3370 19,
956 3306 987 3359 12
1091 3307 1122 3362 17
1150 3307 1228 3362 Dent.
1254 3309 1280 3373 4,
1302 3307 1336 3362 26

280 3387 315 3442 22
331 3387 381 3444 itt.
401 3389 442 3455 19,
460 3388 492 3443 21

331 3577 485 3633 finitrius
503 3578 543 3634 B·
627 3579 785 3634 Betinbis
803 3581 843 3634 Κ·
932 3583 1036 3637 utimur
1046 3582 1084 3636 Βι
1175 3582 1338 3638 tbiiFOK.

280 3665 398 3718 frustm
414 3663 466 3721 FO
568 3667 586 3720 8
602 3664 637 3720 ab
655 3666 801 3735 eo]⁰lnebeo
819 3667 849 3724 F
948 3669 965 3722 9
982 3667 1216 3738 quemammodum
1232 3669 1261 3724 B
1357 3685 1410 3738 po-

279 3749 407 3807 teriutO
504 3752 538 3806 10
554 3754 750 3822 contempnunt
768 3754 808 3807 K'
907 3755 938 3809 11
957 3755 1115 3810 felicitatem
1133 3755 1165 3810 K
1258 3755 1291 3809 13
1309 3756 1410 3824 inquid

280 3835 350 3892 ΓΚ*
451 3837 485 3892 14
500 3838 571 3907 legis
588 3842 621 3892 ut
638 3836 741 3910 (νόμου
759 3843 808 3894 τοῦ
826 3844 953 3908 ποιῆσαι)
970 3841 1037 3896 BF:
1068 3843 1137 3912 legis
1155 3841 1235 3896 huius
1252 3845 1284 3896 ut
1302 3839 1412 3911 (νόμου

280 3919 380 3977 τούτου
397 3924 525 3994 ποιῆσαι)
545 3925 619 3980 OKo
723 3927 756 3981 15
779 3927 974 3982 sublimitatem
994 3927 1074 3982 B¹F¹
1172 3933 1200 3982 et
1217 3943 1268 3984 om.
1286 3928 1338 3984 FO

282 4009 314 4062 16
337 4008 457 4078 legieferi
476 4009 555 4064 ΒΨ
586 4010 656 4080 legis
673 4011 773 4066 lieriO
875 4013 909 4066 18
931 4012 1003 4068 enlm
1025 4029 1075 4068 om.
1102 4014 1125 4068 0
1225 4013 1319 4082 inquid
1343 4012 1413 4071 ΡΟ

281 4094 322 4148 K‘
351 4094 481 4164 numquid
498 4095 576 4150 ΒΨ
673 4096 753 4151 hodie
770 4099 865 4154 onio
960 4103 1032 4154 torre
1048 4099 1079 4153 F
1174 4099 1206 4154 19
1224 4099 1412 4169 onslldieritis

280 4177 311 4231 F
408 4181 444 4234 20
466 4182 554 4236 nostri
577 4182 610 4235 K
709 4183 926 4252 magnificentiae
943 4185 1021 4238 B¹F¹
1123 4185 1156 4240 21
1180 4185 1343 4254 imperantes
1366 4186 1411 4240 B¹

280 4263 318 4316 F¹
349 4265 500 4321 adortantis
517 4267 546 4321 B
574 4267 774 4326 adobtantisO
863 4271 897 4325 22
915 4269 1063 4326 condicioni
1080 4271 1107 4326 B
1136 4271 1288 4326 conditione
1306 4271 1340 4326 K

279 4349 423 4418 signentur
434 4350 477 4404 Κι
562 4353 692 4409 uedeom.
708 4353 783 4410 ouo
874 4356 976 4425 ttsut]
990 4357 1054 4412 etO
1137 4371 1222 4412 mosea
1234 4355 1336 4411 B¹FO¹
