3009 5200
452 442 615 500 conlatio
637 442 732 509 VIIII.
749 442 860 501 29-aa-
1153 444 1215 513 tui

133 635 252 703 XXXI.
274 636 316 701 lar
336 640 374 703 nt
391 635 540 703 cratonis
554 651 646 701 uene
659 634 839 719 percipiatis
854 634 1021 713 adiectum,
1038 654 1099 702 non
1114 654 1218 703 meam

93 740 193 819 uobis,
215 740 270 807 sed
291 739 378 807 beati
397 738 519 805 Antoni
539 738 731 806 cecanum
752 737 919 821 proteram.
957 758 1050 821 quem
1073 740 1119 807 ita
1141 758 1218 806 non-

93 860 264 925 numquam
285 842 319 909 in
339 840 481 909 credone
502 840 650 909 nouimus
665 840 851 923 perstitisse,
867 844 906 907 ut
920 842 1028 909 eodem
1046 844 1078 909 iu
1094 860 1219 911 excessu

92 944 210 1009 mentis
235 944 412 1027 frequenter
438 948 546 1009 orante
573 962 646 1011 cum
673 945 749 1011 solie
778 948 865 1011 ortus
899 947 1050 1028 coepisset
1083 946 1218 1026 infundi,

75 1048 284 1115 aaudierimus
312 1064 385 1113 eum
410 1047 592 1115 infudere
621 1049 750 1132 spiritus
779 1049 1042 1132 proclamantem:
1070 1052 1145 1133 quid
1167 1070 1218 1117 me

91 1153 224 1235 incedis,
257 1154 315 1233 sol,
348 1152 403 1235 qni
435 1153 476 1221 ad
508 1152 567 1218 boe
593 1152 657 1219 mm
688 1153 794 1230 uraris,
817 1156 854 1219 ut
882 1172 932 1217 me
962 1154 1001 1218 ab
1029 1153 1122 1221 buius
1151 1156 1220 1219 ueri

92 1256 225 1323 luminis
244 1256 409 1322 audebas
431 1254 597 1323 clantste?
618 1256 708 1322 cuius
724 1255 821 1321 ctiam
836 1256 912 1321 haee
928 1272 1049 1339 quoque
1065 1258 1220 1339 estsuper

92 1359 245 1425 erationis
271 1359 334 1424 tine
361 1361 504 1427 oaeisstis
532 1361 565 1425 et
585 1360 656 1442 plus
679 1378 775 1442 quam
801 1360 939 1425 humana
961 1359 1130 1425 sententia:
1156 1377 1218 1425 non

92 1466 147 1543 cst,
170 1462 286 1546 inquit,
309 1461 446 1544 perfecta
466 1462 575 1544 oratio,
600 1464 636 1531 in
656 1480 718 1545 qua
739 1480 772 1529 se
793 1463 961 1529 monachus
976 1462 1028 1529 uel
1042 1464 1101 1535 boo
1116 1464 1219 1545 ipsum

64 1567 175 1650 nequod
207 1569 275 1632 orat
301 1565 468 1649 intellegit.
506 1570 539 1632 at
567 1569 602 1632 ut
625 1583 682 1633 nos
703 1584 825 1649 quoque
847 1568 1018 1636 secundum
1040 1584 1220 1633 mensuram

93 1670 262 1739 tenmtatia
299 1674 424 1737 nostrae
460 1670 537 1736 buis
566 1671 768 1737 admirandae
801 1670 974 1739 sententiaa
1008 1670 1220 1753 superadieere

93 1774 215 1857 aliquid
237 1774 416 1852 audeamus,
440 1772 590 1839 orationis
611 1792 689 1857 quae
711 1774 876 1839 exauditur
892 1792 910 1839 a
926 1775 1059 1857 domino,
1075 1776 1107 1839 iu
1123 1792 1220 1859 quan·

93 1880 162 1945 tum
186 1877 304 1961 expett
326 1896 442 1956 sumus,
464 1876 582 1945 iudicia
604 1876 808 1959 proferemus.

135 1998 274 2064 XXXII.
300 2000 379 2066 Cum
402 2004 525 2064 orantes
546 2016 602 2065 nos
626 1998 714 2064 nulia
729 1998 980 2081 interpellauerit
1001 1998 1168 2065 haesitatio
1189 1999 1222 2064 et

67 2101 240 2169 adduciam
262 2104 427 2185 petitionis
448 2108 573 2168 nostrae
596 2103 731 2186 quadam
751 2103 964 2184 desperatione
987 2102 1145 2177 deiecerit,
1167 2102 1222 2167 sed

97 2207 266 2272 obtinuisse
288 2224 345 2272 nos
366 2207 436 2291 ipsa
458 2206 606 2273 orationis
636 2204 785 2271 effusione
807 2207 887 2289 quod
909 2206 1066 2289 poscimus
1089 2206 1221 2271 senseri-

96 2328 175 2391 mus,
200 2328 261 2374 non
281 2309 478 2395 ambigemus
499 2328 604 2393 preces
625 2312 749 2375 nostes
768 2312 805 2375 ad
829 2310 921 2374 deum
945 2308 1112 2375 efficaciter
1125 2326 1222 2390 pene·

97 2418 206 2480 trasse.
240 2419 365 2479 mutum
388 2416 473 2479 enim
500 2414 571 2497 quis
596 2411 736 2479 exaudiri
767 2415 859 2496 atque
882 2414 1020 2481 obtinere
1043 2412 1221 2495 merebitur,

98 2519 250 2601 quantum
271 2518 325 2582 cel
346 2517 459 2601 inspici
482 2534 516 2582 se
537 2537 557 2583 a
578 2518 635 2582 deo
655 2516 708 2583 nel
728 2521 821 2583 deum
846 2516 1011 2585 crediderit
1032 2532 1121 2600 posse
1135 2534 1223 2600 prae·

70 2625 192 2688 »stara
229 2622 473 2689 inretractabilis
494 2639 629 2706 namque
651 2625 700 2688 est
721 2621 839 2688 domini
862 2623 962 2686 nostri
977 2620 1034 2688 illa
1049 2619 1220 2685 sententiar

98 2743 363 2808 quaecumque
399 2725 556 2791 orantes
596 2725 759 2808 petitis,
805 2723 957 2790 credite
995 2725 1087 2807 quia
1123 2724 1223 2789 aoei-

98 2830 237 2914 pietis‚
261 2834 299 2895 et
320 2831 454 2895 ueniet·
477 2828 596 2894 uobis.

138 2947 288 3014 xxxin.
319 2966 520 3016 sumnus:
550 2948 639 3015 Hanc
667 2949 873 3015 exauditionis
901 2949 1048 3014 fiduciam
1074 2949 1221 3013 nimirum

100 3051 136 3118 de
175 3054 379 3118 eonscientiae
421 3055 558 3136 puritate
602 3053 756 3119 oredimus
793 3071 945 3120 emanare.
983 3055 1120 3118 ceterum
1157 3069 1224 3130 nos,

72 3175 233 3239 equorum
255 3173 308 3222 cor
329 3155 430 3221 adhuc
445 3160 642 3239 peccatorum
664 3157 753 3239 spina
769 3157 949 3240 conpungit‚
965 3158 1223 3238 quemadmodum

102 3277 170 3324 mm
196 3259 310 3326 habers
338 3279 504 3344 possumus
534 3260 630 3325 nuliis
658 3261 928 3343 patrocinantibus
957 3262 1085 3338 moritis,
1113 3259 1224 3342 quibus

103 3365 306 3429 emudiendas
328 3365 483 3430 crationes
505 3366 627 3430 nostras
652 3363 842 3429 fiducialiter
864 3365 1123 3446 praesumamus?

141 3483 449 3552 XXXIIII.1saac:
473 3486 619 3551 Diuersus
641 3486 874 3552 exauditionum
897 3501 1005 3552 causas
1028 3501 1092 3550 esse
1115 3501 1224 3548 seeun-

103 3588 175 3661 dnm
201 3587 377 3656 animarum
405 3590 564 3655 diuersum
592 3608 630 3654 ac
658 3572 781 3654 nauum
810 3593 930 3654 statum
958 3586 1136 3670 euangelica
1156 3583 1222 3650 sine

201 3785 233 3838 21
253 3785 333 3839 biars.
354 3787 395 3852 11,
414 3786 448 3839 24

152 3963 166 4015 1
183 3963 320 4018 oraciones
337 3965 379 4021 D¹
427 4011 431 4018 .
466 3967 495 4023 ,2
511 3967 616 4021 antonii
633 3965 721 4020 DPX
814 3979 986 4034 nonunquam
1003 3962 1033 4016 D
1129 3962 1225 4015 tortu

105 4050 130 4104 V
229 4053 247 4105 6
269 4052 348 4106 oriris
371 4051 564 4108 Y’D’OP’Xo
666 4053 684 4104 9
706 4051 802 4120 inquid
829 4051 939 4106 VDOP
1039 4047 1157 4118 ipsutO

102 4136 134 4190 12
156 4138 289 4194 orationes
304 4138 373 4194 12²0
475 4139 655 4195 exaudiuntur
671 4138 702 4194 D
731 4138 908 4194 mudantur
927 4136 950 4192 0
1052 4133 1226 4191 tsfiuucum

106 4222 129 4274 V
214 4223 312 4291 disper.
329 4223 400 4278 ΒΨ
493 4225 526 4280 16
543 4225 572 4280 in
590 4225 650 4293 ipsa
667 4223 770 4278 DOPo
796 4223 861 4280 hora
878 4224 935 4292 ipsa
953 4221 984 4276 X
1075 4221 1106 4276 17
1124 4219 1158 4274 ad
1175 4233 1225 4276 ora.

103 4309 125 4364 0
210 4308 244 4363 18
260 4310 382 4364 exaudms
399 4311 440 4366 D¹
526 4311 613 4380 adque
625 4310 653 4365 P
738 4311 899 4366 merebimur
912 4310 953 4364 Ι)ι
1039 4309 1072 4362 21
1093 4308 1226 4376 petieritis

105 4394 128 4449 0
230 4394 264 4449 22
280 4396 389 4450 uenient
405 4397 469 4451 D'u
574 4397 608 4452 28
626 4396 750 4452 fidutiam
767 4397 798 4451 D
901 4395 936 4450 28
953 4395 1067 4450 diuiraas
1088 4394 1123 4450 V¹
