3009 5200
486 431 648 487 Oculatio
672 430 750 496 1111,
772 431 847 486 1-e.
1165 430 1229 496 θῶ

107 641 202 706 paene
223 624 260 688 nt
282 623 328 690 itu
349 622 478 690 dixerim
500 641 519 688 n
541 621 603 688 lide
624 619 847 704 possibilitatis
876 620 1080 696 excludimur,
1103 622 1229 687 tantum

107 727 192 792 nobis
214 727 313 810 ¹(pace
345 728 390 792 tui
425 726 545 794 dictum
575 723 630 806 sit)
665 723 791 790 uidetur
820 725 1000 802 absurdum,
1030 725 1059 789 si
1085 725 1229 790 laborum

105 829 304 913 stipendium,
330 827 362 894 id
391 831 440 894 est
468 827 616 911 perfactio
648 828 918 910 institutarum
939 827 1093 892 instantia
1113 827 1229 910 proprii

105 931 225 998 sudoris
253 930 439 1014 adquiritur,
474 949 536 998 non
568 929 748 1012 specialiter
780 928 952 996 laborantis
985 929 1151 1012 deputetur
1180 930 1229 994 in·

88 1034 254 1104 sdnsuiae.
289 1037 431 1118 ineptum
463 1037 515 1101 est
544 1035 638 1114 eninr,
670 1035 708 1100 nt
740 1035 769 1100 si
802 1034 892 1100 uerbi
924 1034 1027 1116 gratia
1056 1032 1229 1116 agricolum

104 1157 177 1222 erga
199 1138 356 1204 culturam
377 1143 480 1204 terrae
493 1137 693 1204 irremissum
708 1136 851 1204 studium
867 1137 1038 1202 uiderimus
1052 1134 1228 1220 inpendere,

105 1259 164 1306 non
186 1240 275 1308 illins
297 1241 453 1308 efficaciae
476 1239 689 1308 adscribamus
712 1243 744 1304 et
767 1239 913 1306 fructum.

8 1401 9 1418 ,
145 1363 205 1430 III.
229 1377 453 1428 cnnsnunnon:
484 1363 553 1428 Hoo
582 1363 649 1446 ipso
671 1365 752 1444 quod
775 1361 978 1444 proposuistis
1000 1359 1226 1442 exempleant

8 1465 9 1490 ³
105 1467 230 1532 dentine
262 1467 450 1550 adprobatur
483 1467 564 1532 nihil
597 1483 686 1550 posse
719 1465 866 1548 perficere
895 1464 963 1529 sine
990 1464 1146 1530 adiutorio
1176 1466 1228 1530 dei

75 1571 273 1636 elaborantis
294 1569 492 1636 industriam.
528 1587 585 1635 nec
607 1571 689 1635 enim
713 1570 945 1654 agricolarum
966 1585 1074 1634 omnes
1097 1571 1226 1634 muratus

7 1696 9 1739 l
105 1689 175 1738 snos
196 1673 228 1737 in
243 1671 417 1738 excolendis
433 1671 610 1756 expenderit
623 1674 727 1752 terris,
742 1673 912 1738 oonlestinr
927 1674 1024 1738 etium
1038 1674 1226 1756 prouentum

7 1789 8 1822 l
105 1779 243 1860 segetum
265 1780 298 1842 et
320 1777 494 1842 ubertatem
517 1777 644 1858 lrugum
662 1793 736 1842 saue
752 1777 868 1861 poterit
882 1777 1055 1842 industriae
1069 1780 1227 1860 deputare,

6 1936 7 2012 1
105 1897 196 1962 qnam
220 1880 349 1946 inritam
372 1897 437 1946 esse
458 1880 636 1964 frequenter
658 1885 804 1963 expertus
825 1882 883 1960 est,
906 1881 967 1946 nisi
990 1899 1061 1945 eam
1078 1885 1110 1945 et
1123 1881 1229 1964 pluri·

6 2019 8 2082 7
106 1999 192 2048 arum
223 1985 418 2066 oportunitas
446 1987 480 2050 et
509 1984 621 2049 hiemis
644 1984 816 2068 tranquilla
836 1985 986 2050 serenitas
1009 1986 1228 2068 subsequatur,

77 2085 147 2154 uita
168 2089 206 2151 ut
228 2088 352 2152 adultos
373 2087 439 2152 ium
462 2089 581 2153 fructus
602 2106 638 2152 ac
659 2089 799 2170 perfecta
824 2090 1007 2154 maturitate
1021 2087 1169 2153 solidatos
1192 2087 1231 2151 de

6 2195 7 2240 l
105 2207 199 2254 mnu
221 2191 447 2273 quodammodo
474 2193 649 2259 tenentium
666 2193 836 2258 uiderimus
854 2193 1035 2276 plerumque
1052 2193 1230 2275 praereptos

5 2242 7 2370 i
105 2293 245 2376 nihilque
261 2294 474 2361 laborantibus
491 2294 578 2360 illam
591 2295 698 2380 iugem
715 2295 837 2362 sudoris
849 2297 1035 2361 instantiam
1046 2294 1228 2372 contulisse,

105 2398 177 2479 qnia
192 2417 255 2463 non
271 2398 332 2462 fure
348 2398 467 2464 nomini
489 2399 694 2483 opinionon
709 2399 838 2465 onnon.
868 2403 948 2465 sicne
963 2399 1061 2484 igitur
1075 2398 1259 2466 nursinum

4 2548 5 2639 1
105 2501 256 2584 agricolis,
286 2501 340 2584 qui
370 2519 427 2568 sua
457 2503 613 2586 frequenti
637 2521 764 2569 uomere
787 2520 863 2569 arua
885 2522 944 2568 non
966 2503 1126 2587 subigunt,
1150 2501 1230 2568 bane

4 2658 5 2703 ,
77 2606 279 2672 salutatem
301 2611 442 2689 segetum
465 2607 564 2690 pietas
586 2607 694 2675 diuina
717 2627 778 2673 non
799 2608 930 2689 confert,
953 2610 999 2673 ita
1013 2608 1229 2673 laborantibus

4 2730 5 2805 ,
105 2724 218 2791 pernox
241 2709 420 2777 sollicitudo
436 2728 497 2776 non
518 2712 666 2793 proderit,
693 2712 755 2777 nisi
770 2712 983 2778 misericordia
996 2711 1115 2777 donnini
1130 2710 1230 2776 luerit

4 2816 5 2905 j
105 2813 295 2895 prosperatu.
337 2815 368 2878 in
403 2832 464 2897 quo
497 2818 604 2879 tamen
636 2814 773 2880 hnmana
804 2814 951 2899 superbis
982 2816 1163 2881 nullatenus
1196 2832 1230 2879 se

4 2908 5 2911 ’
105 2917 224 2999 gratiae
247 2916 296 2981 dei
320 2917 370 2981 uel
394 2934 563 2999 exaequare
580 2917 632 2982 uel
655 2918 826 2984 admiscere
848 2919 1016 2984 contendat
1031 2917 1231 3001 participem·

106 3034 164 3099 qne
184 3034 218 3083 se
239 3018 272 3083 in
296 3018 476 3084 muneribus
499 3020 549 3085 dei
570 3040 625 3103 per
647 3020 706 3085 hoo
728 3024 858 3086 conetur
880 3021 1023 3099 inserere,
1040 3022 1077 3087 ut
1091 3022 1231 3088 laborem

77 3138 197 3189 esrum
219 3124 376 3187 auctorem
400 3142 465 3187 osse
489 3124 615 3189 diuinae
640 3124 800 3189 existimet
821 3124 979 3208 largitatis
993 3142 1030 3190 ac
1044 3125 1229 3207 prouentum

4 3296 5 3307 χ
108 3224 387 3307 copiosissimarum
421 3224 549 3310 frugum
581 3227 753 3293 industriae
780 3246 854 3293 snae
884 3228 1006 3294 meritis
1038 3228 1230 3311 respondisse

4 3328 5 3363 ;
106 3327 265 3412 glorietur.
300 3332 476 3396 consideret
504 3350 638 3417 namque
667 3352 703 3399 aa
732 3333 870 3399 ueridica
900 3333 1129 3397 examinatione
1158 3332 1259 3414 per-3

106 3432 230 3513 pendat,
264 3433 344 3515 quod
379 3452 417 3498 ne
446 3433 528 3517 ipsos
562 3435 688 3517 quidem
718 3436 859 3516 conatus,
889 3453 965 3518 quos
995 3453 1050 3518 pro
1076 3434 1229 3501 desiderio

107 3533 282 3617 opulentiae
305 3536 444 3601 intentus
467 3539 613 3621 exercuit,
636 3539 702 3605 suis
732 3539 853 3607 uiribus
876 3538 1042 3622 inpendere
1063 3539 1229 3619 potuisset,

77 3635 165 3702 anisi
188 3655 260 3702 enm
283 3640 322 3703 ad
344 3640 548 3706 exercendum
572 3659 662 3706 omne
688 3658 765 3724 opus
786 3642 868 3707 ruris
889 3640 1037 3723 protectio
1061 3640 1178 3705 domini
1193 3656 1230 3703 ac

154 3923 245 3993 aeni]
263 3926 306 3979 cri
323 3926 363 3977 Π·
460 3928 618 3998 eproecerc
635 3929 742 3984 liuva
839 3929 872 3984 10
887 3932 997 3982 conabor
1014 3926 1044 3980 0
1137 3928 1169 3983 13
1186 3928 1229 3981 in·

107 4011 186 4064 ritum
204 4009 258 4064 0¹:
286 4011 393 4067 irritam
411 4013 469 4068 rell.
564 4016 596 4069 14
615 4017 812 4085 oportunitatis
828 4016 867 4067 Πι
954 4016 988 4071 lo
1005 4013 1115 4069 adultus
1131 4014 1163 4066 Π

108 4094 249 4152 tructosO
343 4098 473 4153 subdatur
490 4101 520 4151 Π
622 4101 655 4155 18
671 4101 747 4170 quin]
765 4116 818 4169 qna
834 4102 873 4151 ΠΙ
902 4116 969 4169 qnae
986 4101 1026 4153 ll‘
1131 4100 1163 4155 19
1180 4115 1229 4155 auo

109 4182 173 4235 l'¹0
265 4182 419 4252 frequenter
436 4185 484 4239 lle
581 4185 615 4240 20
633 4202 684 4241 non
702 4202 751 4243 om.
771 4187 830 4238 ΣΤ
925 4186 960 4240 22
976 4185 1161 4255 preparataO

108 4266 139 4321 28
160 4283 302 4337 uuquam
323 4269 363 4321 Πι
465 4270 499 4325 dd
522 4288 550 4325 se
572 4272 670 4327 err.O
770 4272 980 4329 terminato
1084 4272 1230 4341 largitata

108 4352 135 4404 Π
234 4354 268 4409 27
286 4355 409 4409 neredica
426 4357 456 4407 Π
557 4357 591 4411 28
609 4374 655 4427 pre
674 4374 724 4413 oon.
743 4360 769 4411 ‘P
868 4358 904 4414 30
921 4359 1006 4413 deiO
