3009 5200
505 432 664 489 Conlatio
687 434 761 499 m,
784 434 827 489 22.
883 412 885 417 ,
1166 439 1229 507 597

103 622 259 703 operarios
289 620 504 687 fraudulentos
531 638 634 687 sermo
663 621 788 687 diuinus
817 624 863 689 ita
884 624 1087 691 condemnat:
1111 625 1228 691 male-

104 725 241 790 dictus
273 725 341 805 qui
374 724 476 789 facit
508 742 623 807 opera
651 726 800 792 domini
833 726 1123 795 fraudulenter.
1168 736 1260 802 nond

104 847 177 911 ergo
199 827 345 892 inmerito
369 846 450 903 cum,
477 826 532 909 qui
553 845 587 891 se
608 827 654 891 ita
674 828 782 911 iniquo
810 829 895 894 fallit
918 831 1065 909 examine,
1089 832 1229 917 increpat

104 930 253 997 dominus
286 930 410 997 diceus:
446 932 717 997 ucrumtamen
753 933 844 997 uani
885 932 976 998 filii
1015 934 1229 1018 hominum,

81 1035 311 1100 amendaces
339 1034 426 1098 filii
453 1035 649 1099 hominum
677 1036 715 1099 in
745 1034 932 1113 stateris,
954 1036 997 1100 ut
1019 1037 1229 1121 decipiant

105 1138 275 1203 etidcirco
298 1137 598 1221 beatusapeetclus,
626 1140 663 1202 ut
691 1138 883 1205 discretionis
911 1140 1127 1207 moderamina
1156 1144 1230 1207 reti·

104 1246 215 1307 nentes
238 1243 271 1306 in
286 1244 431 1307 neutmm
445 1242 570 1322 partem
581 1239 690 1306 inlecti
712 1242 877 1307 nimietate
891 1261 1069 1328 elongamur,
1086 1243 1230 1310 admonet

104 1347 229 1411 dicens:
262 1344 505 1410 rationabile
538 1344 773 1426 obsequium
808 1350 992 1410 uestrum.
1037 1364 1131 1429 quem
1163 1366 1230 1413 rem

105 1450 203 1515 etiam
231 1448 394 1531 legislator
420 1447 570 1513 similiter
599 1447 759 1513 interdicit
780 1447 826 1511 ita
847 1448 1055 1531 praecipiens:
1079 1451 1230 1515 statera

67 1554 229 1631 seinata,
273 1554 312 1617 et
356 1568 482 1634 aequa
530 1552 612 1615 sint
662 1554 844 1634 pondera,
890 1552 1021 1616 iustus
1065 1553 1229 1631 modius,

106 1672 333 1738 aequusque
353 1653 579 1732 sextarius,
607 1652 771 1719 Salomone
794 1671 914 1736 quoque
935 1672 1044 1737 parem
1066 1674 1158 1739 super
1173 1655 1230 1721 hcc

105 1758 297 1825 seutentiam
325 1757 522 1841 proferente:
552 1758 704 1840 pondua
725 1775 904 1841 magnum
926 1760 963 1822 et
986 1760 1176 1841 pusillum
1193 1763 1230 1824 et

104 1881 318 1929 manaurae
347 1861 551 1944 duplices,
581 1861 770 1926 inmunda
799 1864 889 1926 sunt
920 1862 1009 1927 ante
1036 1863 1230 1927 dominum

105 1970 294 2048 utraque,
322 1966 362 2030 et
390 1964 457 2048 qui
486 1963 590 2029 iacit
619 1982 670 2032 ea.
689 1966 729 2045 in
759 1964 1118 2031 adiuuentionibus
1147 1966 1230 2031 suis

65 2070 376 2152 reconpedietur.
419 2068 549 2150 proinde
583 2085 646 2133 non
679 2067 782 2131 solum
815 2066 870 2132 illo
903 2084 963 2150 quo
996 2054 1157 2148 diximns‚'
1177 2068 1260 2143 sede

104 2172 203 2239 etiam
224 2174 283 2239 hoc
304 2172 396 2238 modo
418 2174 606 2238 studendum
628 2172 678 2236 est
702 2172 800 2253 nobis,
831 2172 867 2235 ut
888 2190 945 2235 uec
968 2171 1076 2254 iniqua
1096 2172 1231 2256 pondera

103 2279 137 2341 in
160 2274 304 2341 cordibus
324 2274 441 2341 nostris
455 2294 513 2341 nec
527 2275 562 2341 in
577 2272 695 2340 horreis
711 2272 915 2339 conscientiae
929 2276 1052 2339 nostrae
1069 2292 1229 2340 mensuras

104 2381 246 2462 duplices
273 2378 452 2463 habeamus,
482 2378 515 2443 id
541 2378 589 2443 eat
617 2397 656 2443 ne
682 2376 772 2443 nobis
800 2394 837 2441 ιι
863 2394 941 2458 quae
964 2377 1003 2442 ad
1026 2377 1229 2443 districtionis

94 2484 248 2566 ‚regulam
275 2485 431 2566 pertinent
458 2481 631 2549 mollienda
655 2480 883 2546 abundantiore
913 2480 1104 2547 remissionis
1126 2482 1229 2546 indul·

66 2609 96 2648 ee
103 2586 214 2672 gentis
236 2586 469 2669 praesumentes
491 2603 552 2664 cos,
575 2582 690 2667 quibus
713 2583 844 2648 uerbum
867 2582 986 2650 domiui
1002 2584 1228 2669 praedicamus,

102 2690 348 2756 districtioribus
375 2688 549 2771 praeceptis
578 2691 612 2754 et
638 2687 835 2771 munoribus
864 2705 960 2770 quam
986 2687 1047 2771 ipsi
1076 2690 1228 2754 sustinere

102 2811 272 2880 possumus
294 2791 480 2876 ponderibus
502 2793 685 2858 obruamus:
708 2792 791 2874 qnod
814 2809 886 2856 cum
906 2790 1050 2870 fadmus,
1073 2791 1147 2874 quid
1168 2791 1230 2858 nisi

102 2896 225 2981 duplici
245 2897 381 2978 pondere
403 2900 497 2978 atque
523 2912 671 2960 mensura
696 2898 933 2977 praeceptorum
956 2894 1074 2960 domini
1096 2911 1229 2960 mercam

103 3001 291 3084 frugemque
316 3000 370 3064 uel
398 2997 604 3081 adpendimus
631 2999 683 3064 uel
710 2998 883 3062 metimur?
911 2997 940 3062 si
969 2998 1052 3062 eninr
1082 2997 1173 3062 aliter
1194 3015 1230 3064 oa

64 3104 205 3180 anobis,
235 3103 328 3168 alitor
355 3102 470 3168 noetus
497 3099 649 3167 iratribus
680 3100 902 3182 dispensemus,
930 3101 1013 3166 recte
1035 3099 1230 3182 increpemur

209 3331 583 3398 lflierem.48‚10(txx)
674 3331 754 3386 ore
772 3333 813 3397 ιι,
832 3333 867 3387 ιι
956 3331 1160 3395 suonrer
1225 3287 1227 3296 ’
1350 3289 1352 3296 ⁴

101 3419 203 3476 enee.
222 3420 264 3486 19,
281 3419 316 3474 36
420 3418 453 3471 12
469 3416 547 3472 Pron.
565 3417 607 3483 20,
627 3417 726 3472 10-11
746 3415 839 3487 (Lxx)

117 3615 331 3688 'emerso
410 3629 805 3694 situenarrerorocor
886 3631 1065 3700 euc]ecs·
1146 3629 1229 3683 umr-

99 3720 206 3775 nietate
223 3717 261 3772 Β1
348 3731 492 3784 uergamur
513 3715 580 3771 OK:
606 3719 743 3769 uertamur
761 3713 819 3769 BF
842 3731 984 3784 uergamua
1002 3717 1046 3771 Za
1130 3729 1230 3769 ammo·

100 3807 150 3858 net
166 3805 195 3860 Β
280 3802 496 3860 8ιι1ἰιιιιι1ιίῐιιιι
509 3801 587 3856 B¹F¹
674 3801 707 3856 10
724 3802 809 3854 iustos
821 3800 925 3856 medios
938 3817 1087 3870 nouosque
1105 3802 1230 3855 sestarios

100 3891 145 3946 Κ·
238 3892 271 3945 11
289 3889 423 3944 solomone
440 3887 482 3942 K¹
574 3889 606 3942 12
623 3903 737 3956 magnus
756 3886 794 3940 13¹
886 3887 919 3940 13
936 3888 1008 3957 aute]
1027 3887 1096 3956 apud
1118 3888 1162 3943 Oo

102 3995 139 4048 14
158 3993 364 4048 aduentionibus
382 3991 437 4048 ΒΟ
523 3993 557 4048 18
574 4007 607 4044 ne
624 4007 674 4045 om.
693 3988 762 4044 B¹F
838 3987 958 4043 destrict.
976 3989 1006 4044 F
1083 3991 1116 4044 19
1133 3972 1229 4044 'abun-

100 4079 207 4134 datiore
225 4080 253 4134 B
339 4095 372 4134 ne
390 4077 443 4148 ipsi
461 4093 492 4132 ea
509 4082 550 4146 (ea
565 4078 617 4146 ipsi
636 4081 660 4142 c)
678 4091 746 4144 quac
764 4073 943 4130 districtionis
963 4076 1083 4142 regulam
1101 4076 1229 4130 molliunt

100 4199 254 4254 remissiore
276 4198 448 4268 indulgentia
475 4197 544 4268 Ode
644 4197 676 4252 21
700 4197 821 4251 destrict
844 4197 873 4251 F
972 4167 1096 4250 a'rstinere
1113 4196 1141 4250 B
1170 4211 1229 4264 pre-

100 4286 174 4338 ferre
200 4284 224 4339 0
254 4283 369 4353 perterre
395 4286 434 4354 do
541 4283 576 4337 22
603 4283 735 4353 possimus
761 4284 822 4338 B²o
924 4281 1096 4338 obseruamus
1121 4281 1160 4335 F*

101 4370 303 4425 armorumue
322 4370 362 4424 B¹
393 4370 519 4424 metimus
536 4369 568 4424 F
593 4369 740 4424 mentimur
761 4369 826 4425 ΟΚι
