3009 5200
525 477 687 532 tentatio
710 475 830 541 XXIIII,
849 476 891 530 26-
1212 478 1270 541 711

189 671 259 736 Tali
281 670 394 736 beatus
418 668 577 735 Abraham
600 671 638 734 de
662 667 827 733 inlusionie
857 671 980 733 nostrae
1003 667 1054 731 nel
1078 666 1199 750 origine
1221 669 1272 732 uel
1287 669 1326 734 18

145 775 281 840 medella
297 774 506 857 disputatione
522 774 670 838 disseruit
687 773 781 856 atque
796 772 895 837 oeulis
910 772 1137 854 quodammodo
1154 774 1269 836 nostris

146 877 372 961 cogitationum
395 897 473 962 quas
496 877 638 942 diabolus
662 878 770 942 auctor
792 876 966 958 ingesserat
989 876 1164 958 propalauit
1194 876 1270 940 insi·

146 983 213 1047 diae
235 1000 351 1064 nosque
373 983 413 1046 ad
437 980 625 1046 desiderium
649 999 739 1045 uerae
762 981 1012 1045 mortificationis
1033 979 1186 1062 accendit,
1213 997 1273 1062 quo

125 1087 243 1151 setiam
278 1085 404 1163 multos,
437 1086 513 1150 lieet
548 1087 703 1169 incompto
736 1085 812 1150 haee
846 1085 949 1150 omnia
982 1103 1120 1149 sermone
1151 1085 1272 1168 digesta

146 1191 219 1269 sint,
251 1189 404 1255 eredimus
432 1187 682 1254 inflammandos.
721 1207 792 1252 nam
820 1188 897 1253 lieet
925 1207 1120 1253 summorum
1147 1189 1273 1271 patrum

146 1293 403 1376 flagrantissimos
434 1311 540 1357 sensus
572 1294 675 1374 tepide
701 1291 816 1375 eloquii
838 1293 935 1357 nostri
959 1293 1070 1358 fauilla
1091 1294 1272 1378 contexerit,

146 1397 352 1480 plurimorum
384 1402 489 1462 tamen
520 1398 666 1481 algorem,
697 1397 749 1479 qui
773 1397 900 1462 remotis
923 1397 1090 1462 uerborum
1113 1396 1271 1462 cineribus

146 1502 347 1567 uiuacitatem
379 1502 548 1567 latentium
578 1520 723 1566 sensuum
755 1502 905 1566 suscitare
934 1501 1102 1582 noluerint,
1126 1501 1274 1566 ealefaci-

113 1609 258 1670 mendum
291 1610 448 1688 putamus.
488 1604 542 1670 sed
576 1607 614 1670 ad
637 1623 703 1687 uos,
730 1622 748 1669 o
777 1607 876 1670 saneti
911 1604 1033 1685 fratrea,
1068 1622 1130 1669 non
1164 1605 1324 1687 utiquel9

145 1709 227 1774 hunc
249 1711 362 1793 ignem,
387 1727 477 1791 quem
499 1710 643 1774 dominus
665 1707 753 1775 uenit
783 1709 909 1774 mittere
930 1710 963 1774 in
986 1709 1104 1774 terram
1126 1711 1158 1774 et
1180 1728 1273 1792 quem

145 1813 279 1879 nimium
311 1814 419 1878 ardere
453 1813 618 1893 desiderat,
652 1815 697 1879 ita
731 1814 845 1897 spiritu
879 1815 1140 1897 praesumptionis
1170 1815 1273 1879 elatus

146 1917 247 2001 emisi,
277 1920 313 1981 ut
343 1917 432 1999 quasi
462 1916 733 1982 feruentissimum
763 1918 956 2000 propositum
990 1920 1131 1984 uestrum
1162 1919 1272 1983 caloris

146 2020 238 2085 huius
261 2021 434 2086 adiectione
456 2020 684 2102 succenderem,
715 2021 769 2084 sed
792 2024 827 2085 nt
851 2020 941 2086 uobis
964 2020 1062 2087 maior
1084 2021 1166 2104 apud
1189 2020 1272 2086 filios

111 2125 227 2192 receset
249 2124 426 2200 auctoritas,
451 2123 478 2188 si
500 2123 542 2200 id,
566 2126 646 2207 quod
678 2125 737 2207 ipsi
762 2145 822 2191 non
845 2127 968 2192 mortuo
991 2125 1161 2191 uerborum
1184 2144 1269 2205 eono,

145 2228 199 2291 eed
223 2227 296 2291 uiuo
320 2228 434 2292 docetis
457 2227 605 2311 exemplo,
630 2228 725 2292 etiam
757 2248 951 2294 summorum
973 2233 1066 2313 atque
1091 2229 1271 2312 antiquissi-

146 2349 266 2395 morum
296 2335 419 2412 patrum
447 2333 611 2414 praecepta
644 2332 838 2399 confirment.
876 2336 1017 2417 superest
1044 2336 1079 2398 ut
1109 2352 1158 2398 me
1187 2334 1272 2417 peri·

146 2433 339 2498 culoeissima
361 2434 511 2498 haetenus
534 2435 722 2519 tempestate
745 2438 897 2501 iactatum
922 2456 1004 2502 nunc
1019 2437 1056 2502 ad
1074 2437 1270 2501 tutissimum

145 2536 263 2603 silentii
287 2539 411 2619 portum
434 2538 585 2622 spiritalis
608 2539 783 2605 orationum
811 2543 987 2607 uestrarum
1002 2559 1079 2607 aura
1094 2541 1268 2606 comitetur.

248 2726 277 2779 11
299 2724 331 2778 cf.
351 2724 412 2779 Luc.
435 2726 475 2792 12,
492 2726 527 2779 49

197 2897 211 2947 1
230 2894 339 2949 abraam
360 2896 384 2951 0
485 2898 502 2949 2
521 2897 605 2966 adque
625 2898 647 2953 0
750 2900 767 2953 6
785 2902 849 2953 eunt
871 2900 894 2954 0
997 2903 1012 2956 7
1031 2901 1159 2971 fraglant.
1182 2902 1205 2956 0

146 2980 179 3034 10
205 2982 367 3035 sanctissimi
396 2982 419 3038 0
525 2984 555 3037 12
583 2984 624 3037 ita
647 2985 679 3038 de
707 2984 730 3039 0
834 2986 866 3039 14
889 2987 1057 3041 succenderet
1078 2988 1105 3041 Z
1206 2991 1273 3055 aput

146 3067 169 3122 0
273 3068 304 3120 16
329 3071 370 3121 eet
394 3068 474 3121 etiam
497 3072 587 3123 uestro
612 3070 711 3123 docetis
737 3072 760 3126 0
863 3072 948 3141 adque
975 3072 998 3127 0
1106 3073 1139 3128 18
1164 3076 1273 3128 actenus

146 3152 194 3211 ΟΖ
286 3153 318 3208 19
337 3156 486 3210 comitetur.
514 3154 632 3224 Explicit
650 3158 768 3212 conlatio
785 3157 892 3212 abbatie
909 3157 1006 3213 abrahe
1025 3160 1139 3225 (abbatis
1156 3161 1271 3215 abrahae

144 3242 220 3313 conta
237 3258 291 3314 VII
310 3260 346 3327 Z)
370 3260 402 3314 de
425 3261 628 3317 mortificatione
653 3263 702 3319 ΟΖ
734 3263 810 3317 Finit
833 3264 902 3319 liber
926 3266 1108 3321 conlationum
1131 3266 1271 3321 edituma

142 3378 221 3433 beate
239 3381 357 3435 cassiano
376 3364 473 3453 (leffe
494 3383 516 3439 0
