<?xml version="1.0" encoding="UTF-8"?>
<!DOCTYPE html PUBLIC "-//W3C//DTD XHTML 1.0 Transitional//EN"
    "http://www.w3.org/TR/xhtml1/DTD/xhtml1-transitional.dtd">
<html xmlns="http://www.w3.org/1999/xhtml" xml:lang="en" lang="en">
 <head>
  <title>
</title>
<meta http-equiv="Content-Type" content="text/html;charset=utf-8" />
  <meta name='ocr-system' content='tesseract 3.04.00' />
  <meta name='ocr-capabilities' content='ocr_page ocr_carea ocr_par ocr_line ocrx_word'/>
</head>
<body>
  <div class='ocr_page' id='page_1' title='image "./corpusscriptoru14wiengoog_0866.png"; bbox 0 0 3009 5200; ppageno 0'>
   <div class='ocr_carea' id='block_1_1' title="bbox 248 457 985 526">
    <p class='ocr_par' dir='ltr' id='par_1_1' title="bbox 248 457 985 526">
     <span class='ocr_line' id='line_1_1' title="bbox 248 457 985 526; baseline -0.009 -7"><span class='ocrx_word' id='word_1_1' title='bbox 248 461 311 526; x_wconf 82' lang='grc'><strong>710</strong></span> <span class='ocrx_word' id='word_1_2' title='bbox 633 457 803 513; x_wconf 81' lang='lat' dir='ltr'><strong>Iohannis</strong></span> <span class='ocrx_word' id='word_1_3' title='bbox 824 457 985 513; x_wconf 83' lang='lat' dir='ltr'><strong>Cassiani</strong></span> 
     </span>
    </p>
   </div>
   <div class='ocr_carea' id='block_1_2' title="bbox 195 649 1410 2292">
    <p class='ocr_par' dir='ltr' id='par_1_2' title="bbox 195 649 1410 2292">
     <span class='ocr_line' id='line_1_2' title="bbox 248 649 1373 733; baseline -0.001 -21"><span class='ocrx_word' id='word_1_4' title='bbox 248 649 380 714; x_wconf 85' lang='lat' dir='ltr'><strong>formam</strong></span> <span class='ocrx_word' id='word_1_5' title='bbox 413 650 557 726; x_wconf 80' lang='lat' dir='ltr'><strong>traderet,</strong></span> <span class='ocrx_word' id='word_1_6' title='bbox 590 669 663 714; x_wconf 93' lang='lat' dir='ltr'><strong>non</strong></span> <span class='ocrx_word' id='word_1_7' title='bbox 695 651 800 727; x_wconf 86' lang='lat' dir='ltr'><strong>ueni,</strong></span> <span class='ocrx_word' id='word_1_8' title='bbox 830 650 944 733; x_wconf 82' lang='lat' dir='ltr'><strong>inquit,</strong></span> <span class='ocrx_word' id='word_1_9' title='bbox 968 650 1103 714; x_wconf 84' lang='lat' dir='ltr'><strong>lacere</strong></span> <span class='ocrx_word' id='word_1_10' title='bbox 1126 649 1373 714; x_wconf 89' lang='lat' dir='ltr'><strong>uoluntatem</strong></span> 
     </span>
     <span class='ocr_line' id='line_1_3' title="bbox 246 753 1372 837; baseline -0.003 -20"><span class='ocrx_word' id='word_1_11' title='bbox 246 771 365 818; x_wconf 89' lang='lat' dir='ltr'><strong>meam</strong></span> <span class='ocrx_word' id='word_1_12' title='bbox 386 756 452 818; x_wconf 92' lang='lat' dir='ltr'><strong>sed</strong></span> <span class='ocrx_word' id='word_1_13' title='bbox 474 754 730 820; x_wconf 89' lang='lat' dir='ltr'><strong>uoluntatem</strong></span> <span class='ocrx_word' id='word_1_14' title='bbox 754 755 836 820; x_wconf 90' lang='lat' dir='ltr'><strong>eius</strong></span> <span class='ocrx_word' id='word_1_15' title='bbox 865 757 930 837; x_wconf 92' lang='lat' dir='ltr'><strong>qui</strong></span> <span class='ocrx_word' id='word_1_16' title='bbox 952 754 1067 819; x_wconf 82' lang='lat' dir='ltr'><strong>misit</strong></span> <span class='ocrx_word' id='word_1_17' title='bbox 1089 773 1162 836; x_wconf 88' lang='lat' dir='ltr'><strong>me,</strong></span> <span class='ocrx_word' id='word_1_18' title='bbox 1185 753 1372 818; x_wconf 88' lang='lat' dir='ltr'><strong>etiterum:</strong></span> 
     </span>
     <span class='ocr_line' id='line_1_4' title="bbox 246 857 1371 942; baseline 0 -21"><span class='ocrx_word' id='word_1_19' title='bbox 246 876 318 922; x_wconf 94' lang='lat' dir='ltr'><strong>non</strong></span> <span class='ocrx_word' id='word_1_20' title='bbox 352 857 454 922; x_wconf 86' lang='lat' dir='ltr'><strong>sicut</strong></span> <span class='ocrx_word' id='word_1_21' title='bbox 487 875 556 942; x_wconf 80' lang='lat' dir='ltr'><strong>ego</strong></span> <span class='ocrx_word' id='word_1_22' title='bbox 587 858 674 923; x_wconf 89' lang='lat' dir='ltr'><strong>uolo</strong></span> <span class='ocrx_word' id='word_1_23' title='bbox 705 857 771 922; x_wconf 91' lang='lat' dir='ltr'><strong>sed</strong></span> <span class='ocrx_word' id='word_1_24' title='bbox 800 859 906 923; x_wconf 89' lang='lat' dir='ltr'><strong>sicut</strong></span> <span class='ocrx_word' id='word_1_25' title='bbox 928 859 980 922; x_wconf 91' lang='lat' dir='ltr'><strong>tu.</strong></span> <span class='ocrx_word' id='word_1_26' title='bbox 1018 875 1113 940; x_wconf 90' lang='lat' dir='ltr'><strong>quam</strong></span> <span class='ocrx_word' id='word_1_27' title='bbox 1148 857 1298 922; x_wconf 87' lang='lat' dir='ltr'><strong>uirtutem</strong></span> <span class='ocrx_word' id='word_1_28' title='bbox 1321 857 1371 922; x_wconf 93' lang='lat' dir='ltr'><strong>illi</strong></span> 
     </span>
     <span class='ocr_line' id='line_1_5' title="bbox 245 959 1372 1045; baseline -0.001 -20"><span class='ocrx_word' id='word_1_29' title='bbox 245 962 422 1044; x_wconf 77' lang='lat' dir='ltr'><strong>specialiter</strong></span> <span class='ocrx_word' id='word_1_30' title='bbox 456 966 607 1039; x_wconf 77' lang='lat' dir='ltr'>exercent,</span> <span class='ocrx_word' id='word_1_31' title='bbox 644 962 698 1045; x_wconf 93' lang='lat' dir='ltr'><strong>qui</strong></span> <span class='ocrx_word' id='word_1_32' title='bbox 732 963 763 1027; x_wconf 90' lang='lat' dir='ltr'><strong>in</strong></span> <span class='ocrx_word' id='word_1_33' title='bbox 798 961 955 1027; x_wconf 89' lang='lat' dir='ltr'><strong>coenobiis</strong></span> <span class='ocrx_word' id='word_1_34' title='bbox 992 964 1206 1026; x_wconf 71' lang='lat' dir='ltr'>memorantes</span> <span class='ocrx_word' id='word_1_35' title='bbox 1242 959 1372 1025; x_wconf 88' lang='lat' dir='ltr'><strong>senioris</strong></span> 
     </span>
     <span class='ocr_line' id='line_1_6' title="bbox 246 1065 1408 1149; baseline 0.002 -21"><span class='ocrx_word' id='word_1_36' title='bbox 246 1069 399 1146; x_wconf 86' lang='lat' dir='ltr'><strong>reguntur</strong></span> <span class='ocrx_word' id='word_1_37' title='bbox 428 1065 568 1146; x_wconf 87' lang='lat' dir='ltr'><strong>imperio,</strong></span> <span class='ocrx_word' id='word_1_38' title='bbox 599 1066 651 1149; x_wconf 95' lang='lat' dir='ltr'><strong>qui</strong></span> <span class='ocrx_word' id='word_1_39' title='bbox 683 1067 763 1132; x_wconf 89' lang='lat' dir='ltr'>nihil</span> <span class='ocrx_word' id='word_1_40' title='bbox 793 1068 918 1131; x_wconf 92' lang='lat' dir='ltr'><strong>omnino</strong></span> <span class='ocrx_word' id='word_1_41' title='bbox 945 1065 1075 1131; x_wconf 90' lang='lat' dir='ltr'><strong>arbitrio</strong></span> <span class='ocrx_word' id='word_1_42' title='bbox 1103 1084 1159 1130; x_wconf 93' lang='lat' dir='ltr'><strong>suo</strong></span> <span class='ocrx_word' id='word_1_43' title='bbox 1186 1069 1295 1148; x_wconf 86' lang='lat' dir='ltr'><strong>agunt,</strong></span> <span class='ocrx_word' id='word_1_44' title='bbox 1318 1065 1408 1130; x_wconf 63' lang='lat' dir='ltr'><strong>sede</strong></span> 
     </span>
     <span class='ocr_line' id='line_1_7' title="bbox 195 1168 1373 1252; baseline -0.003 -16"><span class='ocrx_word' id='word_1_45' title='bbox 195 1168 390 1236; x_wconf 88' lang='lat' dir='ltr'><strong>15uoluntas</strong></span> <span class='ocrx_word' id='word_1_46' title='bbox 424 1188 532 1234; x_wconf 89' lang='lat' dir='ltr'><strong>eorum</strong></span> <span class='ocrx_word' id='word_1_47' title='bbox 566 1189 602 1234; x_wconf 87' lang='lat' dir='ltr'><strong>er</strong></span> <span class='ocrx_word' id='word_1_48' title='bbox 636 1171 797 1236; x_wconf 89' lang='lat' dir='ltr'><strong>uoluntate</strong></span> <span class='ocrx_word' id='word_1_49' title='bbox 832 1170 947 1252; x_wconf 85' lang='lat' dir='ltr'><strong>pendet</strong></span> <span class='ocrx_word' id='word_1_50' title='bbox 970 1169 1102 1235; x_wconf 88' lang='lat' dir='ltr'><strong>abbatis.</strong></span> <span class='ocrx_word' id='word_1_51' title='bbox 1144 1171 1302 1252; x_wconf 89' lang='lat' dir='ltr'><strong>postremo</strong></span> <span class='ocrx_word' id='word_1_52' title='bbox 1334 1173 1373 1233; x_wconf 87' lang='lat' dir='ltr'><strong>ut</strong></span> 
     </span>
     <span class='ocr_line' id='line_1_8' title="bbox 244 1271 1370 1353; baseline 0 -17"><span class='ocrx_word' id='word_1_53' title='bbox 244 1275 307 1336; x_wconf 92' lang='lat' dir='ltr'><strong>iam</strong></span> <span class='ocrx_word' id='word_1_54' title='bbox 344 1271 567 1353; x_wconf 72' lang='lat' dir='ltr'><strong>disputationis</strong></span> <span class='ocrx_word' id='word_1_55' title='bbox 605 1274 697 1340; x_wconf 91' lang='lat' dir='ltr'><strong>huius</strong></span> <span class='ocrx_word' id='word_1_56' title='bbox 734 1293 836 1338; x_wconf 91' lang='lat' dir='ltr'><strong>sermo</strong></span> <span class='ocrx_word' id='word_1_57' title='bbox 874 1274 1048 1353; x_wconf 85' lang='lat' dir='ltr'><strong>claudatur,</strong></span> <span class='ocrx_word' id='word_1_58' title='bbox 1085 1289 1197 1350; x_wconf 83' lang='lat' dir='ltr'><strong>nonne,</strong></span> <span class='ocrx_word' id='word_1_59' title='bbox 1236 1273 1370 1348; x_wconf 77' lang='lat' dir='ltr'><strong>obsecro,</strong></span> 
     </span>
     <span class='ocr_line' id='line_1_9' title="bbox 244 1375 1372 1460; baseline -0.001 -20"><span class='ocrx_word' id='word_1_60' title='bbox 244 1379 338 1441; x_wconf 89' lang='lat' dir='ltr'><strong>etiam</strong></span> <span class='ocrx_word' id='word_1_61' title='bbox 370 1380 401 1441; x_wconf 90' lang='lat' dir='ltr'><strong>in</strong></span> <span class='ocrx_word' id='word_1_62' title='bbox 433 1377 490 1441; x_wconf 93' lang='lat' dir='ltr'><strong>hoc</strong></span> <span class='ocrx_word' id='word_1_63' title='bbox 520 1377 697 1458; x_wconf 78' lang='lat' dir='ltr'>centuplam</span> <span class='ocrx_word' id='word_1_64' title='bbox 727 1378 864 1460; x_wconf 88' lang='lat' dir='ltr'><strong>gratiam</strong></span> <span class='ocrx_word' id='word_1_65' title='bbox 895 1377 1130 1442; x_wconf 86' lang='lat' dir='ltr'><strong>euidentissime</strong></span> <span class='ocrx_word' id='word_1_66' title='bbox 1160 1377 1215 1457; x_wconf 90' lang='lat' dir='ltr'><strong>qni</strong></span> <span class='ocrx_word' id='word_1_67' title='bbox 1236 1375 1372 1441; x_wconf 87' lang='lat' dir='ltr'><strong>fideliter</strong></span> 
     </span>
     <span class='ocr_line' id='line_1_10' title="bbox 243 1479 1373 1564; baseline -0.003 -18"><span class='ocrx_word' id='word_1_68' title='bbox 243 1479 365 1546; x_wconf 88' lang='lat' dir='ltr'><strong>Christo</strong></span> <span class='ocrx_word' id='word_1_69' title='bbox 403 1481 586 1546; x_wconf 90' lang='lat' dir='ltr'><strong>deseruiunt</strong></span> <span class='ocrx_word' id='word_1_70' title='bbox 623 1483 865 1564; x_wconf 82' lang='lat' dir='ltr'><strong>consequuntur,</strong></span> <span class='ocrx_word' id='word_1_71' title='bbox 899 1481 974 1545; x_wconf 93' lang='lat' dir='ltr'><strong>dum</strong></span> <span class='ocrx_word' id='word_1_72' title='bbox 1009 1498 1064 1562; x_wconf 88' lang='lat' dir='ltr'><strong>pro</strong></span> <span class='ocrx_word' id='word_1_73' title='bbox 1099 1481 1223 1545; x_wconf 91' lang='lat' dir='ltr'><strong>nomine</strong></span> <span class='ocrx_word' id='word_1_74' title='bbox 1256 1479 1322 1545; x_wconf 91' lang='lat' dir='ltr'><strong>eins</strong></span> <span class='ocrx_word' id='word_1_75' title='bbox 1353 1498 1373 1543; x_wconf 87' lang='lat' dir='ltr'><strong>a</strong></span> 
     </span>
     <span class='ocr_line' id='line_1_11' title="bbox 244 1583 1410 1668; baseline 0 -20"><span class='ocrx_word' id='word_1_76' title='bbox 244 1583 376 1648; x_wconf 91' lang='lat' dir='ltr'><strong>summis</strong></span> <span class='ocrx_word' id='word_1_77' title='bbox 398 1585 589 1668; x_wconf 89' lang='lat' dir='ltr'><strong>principibus</strong></span> <span class='ocrx_word' id='word_1_78' title='bbox 612 1586 813 1664; x_wconf 88' lang='lat' dir='ltr'><strong>honorantur,</strong></span> <span class='ocrx_word' id='word_1_79' title='bbox 835 1603 871 1650; x_wconf 91' lang='lat' dir='ltr'><strong>ac</strong></span> <span class='ocrx_word' id='word_1_80' title='bbox 886 1585 960 1650; x_wconf 90' lang='lat' dir='ltr'><strong>licet</strong></span> <span class='ocrx_word' id='word_1_81' title='bbox 975 1585 1036 1667; x_wconf 90' lang='lat' dir='ltr'><strong>ipsi</strong></span> <span class='ocrx_word' id='word_1_82' title='bbox 1052 1585 1222 1649; x_wconf 87' lang='lat' dir='ltr'><strong>humanam</strong></span> <span class='ocrx_word' id='word_1_83' title='bbox 1236 1584 1371 1666; x_wconf 87' lang='lat' dir='ltr'><strong>gloriam</strong></span> <span class='ocrx_word' id='word_1_84' title='bbox 1382 1600 1410 1640; x_wconf 79' lang='grc' dir='ltr'><strong>ιο</strong></span> 
     </span>
     <span class='ocr_line' id='line_1_12' title="bbox 243 1686 1370 1771; baseline -0.002 -18"><span class='ocrx_word' id='word_1_85' title='bbox 243 1705 305 1753; x_wconf 91' lang='lat' dir='ltr'><strong>non</strong></span> <span class='ocrx_word' id='word_1_86' title='bbox 337 1687 509 1770; x_wconf 84' lang='lat' dir='ltr'>requirent,</span> <span class='ocrx_word' id='word_1_87' title='bbox 544 1686 739 1754; x_wconf 89' lang='lat' dir='ltr'><strong>uenerabiles</strong></span> <span class='ocrx_word' id='word_1_88' title='bbox 776 1691 883 1754; x_wconf 88' lang='lat' dir='ltr'><strong>tamen</strong></span> <span class='ocrx_word' id='word_1_89' title='bbox 921 1688 1017 1754; x_wconf 92' lang='lat' dir='ltr'><strong>etiam</strong></span> <span class='ocrx_word' id='word_1_90' title='bbox 1050 1689 1084 1753; x_wconf 93' lang='lat' dir='ltr'><strong>in</strong></span> <span class='ocrx_word' id='word_1_91' title='bbox 1117 1689 1370 1771; x_wconf 89' lang='lat' dir='ltr'><strong>persecutionum</strong></span> 
     </span>
     <span class='ocr_line' id='line_1_13' title="bbox 243 1791 1370 1875; baseline 0.001 -21"><span class='ocrx_word' id='word_1_92' title='bbox 243 1792 396 1874; x_wconf 89' lang='lat' dir='ltr'><strong>angustiis</strong></span> <span class='ocrx_word' id='word_1_93' title='bbox 433 1791 588 1857; x_wconf 88' lang='lat' dir='ltr'><strong>iudicibus</strong></span> <span class='ocrx_word' id='word_1_94' title='bbox 626 1792 746 1858; x_wconf 90' lang='lat' dir='ltr'><strong>cunetis</strong></span> <span class='ocrx_word' id='word_1_95' title='bbox 785 1811 823 1857; x_wconf 90' lang='lat' dir='ltr'><strong>ac</strong></span> <span class='ocrx_word' id='word_1_96' title='bbox 859 1792 1065 1874; x_wconf 82' lang='lat' dir='ltr'><strong>potestatibus</strong></span> <span class='ocrx_word' id='word_1_97' title='bbox 1109 1791 1199 1868; x_wconf 88' lang='lat' dir='ltr'><strong>hunt,</strong></span> <span class='ocrx_word' id='word_1_98' title='bbox 1238 1809 1370 1875; x_wconf 90' lang='lat' dir='ltr'><strong>quornm</strong></span> 
     </span>
     <span class='ocr_line' id='line_1_14' title="bbox 244 1895 1371 1979; baseline -0.001 -19"><span class='ocrx_word' id='word_1_99' title='bbox 244 1895 353 1961; x_wconf 88' lang='lat' dir='ltr'><strong>uilitas</strong></span> <span class='ocrx_word' id='word_1_100' title='bbox 383 1897 478 1961; x_wconf 91' lang='lat' dir='ltr'><strong>etiam</strong></span> <span class='ocrx_word' id='word_1_101' title='bbox 509 1896 715 1964; x_wconf 75' lang='lat' dir='ltr'><strong>mediocribus</strong></span> <span class='ocrx_word' id='word_1_102' title='bbox 745 1898 877 1962; x_wconf 85' lang='lat' dir='ltr'><strong>forsitan</strong></span> <span class='ocrx_word' id='word_1_103' title='bbox 906 1895 1107 1979; x_wconf 87' lang='lat' dir='ltr'><strong>despicabilis</strong></span> <span class='ocrx_word' id='word_1_104' title='bbox 1130 1915 1197 1961; x_wconf 90' lang='lat' dir='ltr'><strong>esse</strong></span> <span class='ocrx_word' id='word_1_105' title='bbox 1217 1897 1371 1979; x_wconf 84' lang='lat' dir='ltr'><strong>potuisset</strong></span> 
     </span>
     <span class='ocr_line' id='line_1_15' title="bbox 245 1998 1371 2083; baseline -0.002 -19"><span class='ocrx_word' id='word_1_106' title='bbox 245 1998 297 2064; x_wconf 89' lang='lat' dir='ltr'><strong>uel</strong></span> <span class='ocrx_word' id='word_1_107' title='bbox 319 2017 373 2081; x_wconf 92' lang='lat' dir='ltr'><strong>pro</strong></span> <span class='ocrx_word' id='word_1_108' title='bbox 396 2001 587 2065; x_wconf 77' lang='lat' dir='ltr'><strong>obscuritate</strong></span> <span class='ocrx_word' id='word_1_109' title='bbox 609 2000 764 2065; x_wconf 88' lang='lat' dir='ltr'><strong>natalium</strong></span> <span class='ocrx_word' id='word_1_110' title='bbox 793 2001 845 2064; x_wconf 89' lang='lat' dir='ltr'><strong>uel</strong></span> <span class='ocrx_word' id='word_1_111' title='bbox 867 2019 922 2083; x_wconf 90' lang='lat' dir='ltr'><strong>pro</strong></span> <span class='ocrx_word' id='word_1_112' title='bbox 945 1999 1124 2064; x_wconf 86' lang='lat' dir='ltr'><strong>condicione</strong></span> <span class='ocrx_word' id='word_1_113' title='bbox 1146 2000 1263 2081; x_wconf 90' lang='lat' dir='ltr'><strong>seruili,</strong></span> <span class='ocrx_word' id='word_1_114' title='bbox 1286 2001 1313 2063; x_wconf 92' lang='lat' dir='ltr'><strong>si</strong></span> <span class='ocrx_word' id='word_1_115' title='bbox 1337 1999 1371 2063; x_wconf 90' lang='lat' dir='ltr'><strong>in</strong></span> 
     </span>
     <span class='ocr_line' id='line_1_16' title="bbox 195 2103 1409 2187; baseline -0.001 -18"><span class='ocrx_word' id='word_1_116' title='bbox 195 2105 234 2169; x_wconf 88' lang='grc'><strong>16</strong></span> <span class='ocrx_word' id='word_1_117' title='bbox 245 2103 398 2169; x_wconf 88' lang='lat' dir='ltr'><strong>saeculari</strong></span> <span class='ocrx_word' id='word_1_118' title='bbox 421 2105 654 2170; x_wconf 88' lang='lat' dir='ltr'><strong>conuersatione</strong></span> <span class='ocrx_word' id='word_1_119' title='bbox 670 2105 885 2170; x_wconf 76' lang='lat' dir='ltr'><strong>mansissent?</strong></span> <span class='ocrx_word' id='word_1_120' title='bbox 899 2123 954 2187; x_wconf 90' lang='lat' dir='ltr'><strong>per</strong></span> <span class='ocrx_word' id='word_1_121' title='bbox 969 2103 1085 2170; x_wconf 76' lang='lat' dir='ltr'><strong>Christi</strong></span> <span class='ocrx_word' id='word_1_122' title='bbox 1101 2108 1207 2170; x_wconf 89' lang='lat' dir='ltr'><strong>eutem</strong></span> <span class='ocrx_word' id='word_1_123' title='bbox 1223 2105 1371 2170; x_wconf 90' lang='lat' dir='ltr'><strong>militiam</strong></span> <span class='ocrx_word' id='word_1_124' title='bbox 1382 2119 1409 2159; x_wconf 83' lang='lat'><strong>1⁵</strong></span> 
     </span>
     <span class='ocr_line' id='line_1_17' title="bbox 245 2207 1371 2292; baseline -0.003 -20"><span class='ocrx_word' id='word_1_125' title='bbox 245 2207 420 2274; x_wconf 89' lang='lat' dir='ltr'><strong>nobilitatis</strong></span> <span class='ocrx_word' id='word_1_126' title='bbox 443 2227 532 2273; x_wconf 91' lang='lat' dir='ltr'><strong>nemo</strong></span> <span class='ocrx_word' id='word_1_127' title='bbox 556 2209 659 2274; x_wconf 86' lang='lat' dir='ltr'><strong>status</strong></span> <span class='ocrx_word' id='word_1_128' title='bbox 683 2208 873 2274; x_wconf 89' lang='lat' dir='ltr'><strong>calumniam</strong></span> <span class='ocrx_word' id='word_1_129' title='bbox 897 2226 1102 2292; x_wconf 81' lang='lat' dir='ltr'><strong>commonere,</strong></span> <span class='ocrx_word' id='word_1_130' title='bbox 1125 2227 1214 2273; x_wconf 91' lang='lat' dir='ltr'><strong>nemo</strong></span> <span class='ocrx_word' id='word_1_131' title='bbox 1230 2207 1371 2273; x_wconf 90' lang='lat' dir='ltr'><strong>obscuri·</strong></span> 
     </span>
    </p>
   </div>
   <div class='ocr_carea' id='block_1_3' title="bbox 245 2311 1370 2606">
    <p class='ocr_par' dir='ltr' id='par_1_3' title="bbox 245 2311 1370 2606">
     <span class='ocr_line' id='line_1_18' title="bbox 245 2311 1370 2396; baseline -0.001 -21"><span class='ocrx_word' id='word_1_132' title='bbox 245 2313 341 2376; x_wconf 88' lang='lat' dir='ltr'><strong>tatem</strong></span> <span class='ocrx_word' id='word_1_133' title='bbox 366 2315 487 2394; x_wconf 91' lang='lat' dir='ltr'><strong>generis</strong></span> <span class='ocrx_word' id='word_1_134' title='bbox 509 2313 639 2378; x_wconf 88' lang='lat' dir='ltr'><strong>audebit</strong></span> <span class='ocrx_word' id='word_1_135' title='bbox 661 2331 830 2396; x_wconf 87' lang='lat' dir='ltr'><strong>opponere:</strong></span> <span class='ocrx_word' id='word_1_136' title='bbox 858 2313 935 2395; x_wconf 93' lang='lat' dir='ltr'><strong>quin</strong></span> <span class='ocrx_word' id='word_1_137' title='bbox 957 2313 1061 2396; x_wconf 86' lang='lat' dir='ltr'><strong>potius</strong></span> <span class='ocrx_word' id='word_1_138' title='bbox 1076 2313 1144 2378; x_wconf 90' lang='lat' dir='ltr'><strong>illis</strong></span> <span class='ocrx_word' id='word_1_139' title='bbox 1160 2312 1238 2395; x_wconf 90' lang='lat' dir='ltr'><strong>ipsis</strong></span> <span class='ocrx_word' id='word_1_140' title='bbox 1252 2311 1370 2377; x_wconf 88' lang='lat' dir='ltr'><strong>uilissi-</strong></span> 
     </span>
     <span class='ocr_line' id='line_1_19' title="bbox 245 2415 1370 2500; baseline 0 -21"><span class='ocrx_word' id='word_1_141' title='bbox 245 2433 313 2480; x_wconf 88' lang='lat' dir='ltr'><strong>mae</strong></span> <span class='ocrx_word' id='word_1_142' title='bbox 343 2417 533 2481; x_wconf 89' lang='lat' dir='ltr'><strong>condicionis</strong></span> <span class='ocrx_word' id='word_1_143' title='bbox 567 2417 749 2499; x_wconf 86' lang='lat' dir='ltr'><strong>obprobriis,</strong></span> <span class='ocrx_word' id='word_1_144' title='bbox 784 2416 898 2500; x_wconf 88' lang='lat' dir='ltr'><strong>quibus</strong></span> <span class='ocrx_word' id='word_1_145' title='bbox 932 2417 1078 2481; x_wconf 84' lang='lat' dir='ltr'><strong>conlundi</strong></span> <span class='ocrx_word' id='word_1_146' title='bbox 1112 2417 1144 2480; x_wconf 91' lang='lat' dir='ltr'><strong>et</strong></span> <span class='ocrx_word' id='word_1_147' title='bbox 1173 2415 1370 2482; x_wconf 90' lang='lat' dir='ltr'><strong>dehonestari</strong></span> 
     </span>
     <span class='ocr_line' id='line_1_20' title="bbox 245 2518 1369 2606; baseline 0.001 -24"><span class='ocrx_word' id='word_1_148' title='bbox 245 2519 338 2583; x_wconf 88' lang='lat' dir='ltr'><strong>ceteri</strong></span> <span class='ocrx_word' id='word_1_149' title='bbox 375 2519 488 2598; x_wconf 80' lang='lat' dir='ltr'><strong>solent,</strong></span> <span class='ocrx_word' id='word_1_150' title='bbox 528 2518 645 2585; x_wconf 87' lang='lat' dir='ltr'><strong>Christi</strong></span> <span class='ocrx_word' id='word_1_151' title='bbox 679 2521 791 2586; x_wconf 83' lang='lat' dir='ltr'><strong>farnuli</strong></span> <span class='ocrx_word' id='word_1_152' title='bbox 824 2520 991 2606; x_wconf 83' lang='lat' dir='ltr'><strong>gloriosius</strong></span> <span class='ocrx_word' id='word_1_153' title='bbox 1024 2520 1244 2585; x_wconf 74' lang='lat' dir='ltr'><strong>nobilitantur·</strong></span> <span class='ocrx_word' id='word_1_154' title='bbox 1288 2519 1369 2603; x_wconf 90' lang='lat' dir='ltr'><strong>qnod</strong></span> 
     </span>
    </p>
   </div>
   <div class='ocr_carea' id='block_1_4' title="bbox 196 2623 1411 3627">
    <p class='ocr_par' dir='ltr' id='par_1_4' title="bbox 244 2623 1411 2708">
     <span class='ocr_line' id='line_1_21' title="bbox 244 2623 1411 2708; baseline 0 -21"><span class='ocrx_word' id='word_1_155' title='bbox 244 2623 420 2690; x_wconf 89' lang='lat' dir='ltr'><strong>euidentius</strong></span> <span class='ocrx_word' id='word_1_156' title='bbox 452 2627 486 2691; x_wconf 94' lang='lat' dir='ltr'><strong>in</strong></span> <span class='ocrx_word' id='word_1_157' title='bbox 516 2626 627 2691; x_wconf 86' lang='lat' dir='ltr'><strong>abbate</strong></span> <span class='ocrx_word' id='word_1_158' title='bbox 658 2626 806 2701; x_wconf 83' lang='lat' dir='ltr'><strong>Iohanne,</strong></span> <span class='ocrx_word' id='word_1_159' title='bbox 830 2628 882 2708; x_wconf 92' lang='lat' dir='ltr'><strong>qni</strong></span> <span class='ocrx_word' id='word_1_160' title='bbox 905 2628 939 2690; x_wconf 89' lang='lat' dir='ltr'><strong>iu</strong></span> <span class='ocrx_word' id='word_1_161' title='bbox 962 2626 1019 2691; x_wconf 88' lang='lat' dir='ltr'><strong>illa</strong></span> <span class='ocrx_word' id='word_1_162' title='bbox 1039 2626 1165 2690; x_wconf 89' lang='lat' dir='ltr'><strong>heremo</strong></span> <span class='ocrx_word' id='word_1_163' title='bbox 1187 2643 1266 2707; x_wconf 88' lang='lat' dir='ltr'><strong>qnae</strong></span> <span class='ocrx_word' id='word_1_164' title='bbox 1288 2625 1411 2707; x_wconf 75' lang='lat' dir='ltr'><strong>nyeoao</strong></span> 
     </span>
    </p>

    <p class='ocr_par' dir='ltr' id='par_1_5' title="bbox 196 2727 1410 3627">
     <span class='ocr_line' id='line_1_22' title="bbox 196 2727 1371 2814; baseline 0.001 -24"><span class='ocrx_word' id='word_1_165' title='bbox 196 2727 233 2791; x_wconf 83' lang='grc'><strong>11</strong></span> <span class='ocrx_word' id='word_1_166' title='bbox 245 2729 356 2812; x_wconf 92' lang='lat' dir='ltr'><strong>oppido</strong></span> <span class='ocrx_word' id='word_1_167' title='bbox 368 2730 491 2795; x_wconf 89' lang='lat' dir='ltr'><strong>adiacet</strong></span> <span class='ocrx_word' id='word_1_168' title='bbox 504 2735 722 2810; x_wconf 86' lang='lat' dir='ltr'><strong>commoratur,</strong></span> <span class='ocrx_word' id='word_1_169' title='bbox 737 2746 901 2812; x_wconf 82' lang='lat' dir='ltr'><strong>possumus</strong></span> <span class='ocrx_word' id='word_1_170' title='bbox 914 2730 1092 2814; x_wconf 88' lang='lat' dir='ltr'><strong>adprobare.</strong></span> <span class='ocrx_word' id='word_1_171' title='bbox 1111 2729 1165 2812; x_wconf 92' lang='lat' dir='ltr'><strong>qni</strong></span> <span class='ocrx_word' id='word_1_172' title='bbox 1178 2728 1371 2813; x_wconf 87' lang='lat' dir='ltr'><strong>perobscuris</strong></span> 
     </span>
     <span class='ocr_line' id='line_1_23' title="bbox 245 2833 1371 2916; baseline -0.001 -20"><span class='ocrx_word' id='word_1_173' title='bbox 245 2833 412 2899; x_wconf 89' lang='lat' dir='ltr'><strong>maioribus</strong></span> <span class='ocrx_word' id='word_1_174' title='bbox 436 2835 528 2899; x_wconf 87' lang='lat' dir='ltr'><strong>natus</strong></span> <span class='ocrx_word' id='word_1_175' title='bbox 544 2835 590 2899; x_wconf 89' lang='lat' dir='ltr'><strong>ite</strong></span> <span class='ocrx_word' id='word_1_176' title='bbox 606 2851 661 2914; x_wconf 91' lang='lat' dir='ltr'><strong>pro</strong></span> <span class='ocrx_word' id='word_1_177' title='bbox 678 2833 795 2899; x_wconf 82' lang='lat' dir='ltr'><strong>Christi</strong></span> <span class='ocrx_word' id='word_1_178' title='bbox 821 2835 946 2898; x_wconf 91' lang='lat' dir='ltr'><strong>nomine</strong></span> <span class='ocrx_word' id='word_1_179' title='bbox 961 2833 1106 2899; x_wconf 83' lang='lat' dir='ltr'><strong>uniuerso</strong></span> <span class='ocrx_word' id='word_1_180' title='bbox 1122 2852 1217 2916; x_wconf 89' lang='lat' dir='ltr'><strong>paene</strong></span> <span class='ocrx_word' id='word_1_181' title='bbox 1232 2833 1371 2896; x_wconf 89' lang='lat' dir='ltr'><strong>hnmano</strong></span> 
     </span>
     <span class='ocr_line' id='line_1_24' title="bbox 245 2936 1369 3020; baseline -0.002 -21"><span class='ocrx_word' id='word_1_182' title='bbox 245 2937 350 3019; x_wconf 87' lang='lat' dir='ltr'><strong>generi</strong></span> <span class='ocrx_word' id='word_1_183' title='bbox 388 2936 581 3001; x_wconf 89' lang='lat' dir='ltr'><strong>admirabilis</strong></span> <span class='ocrx_word' id='word_1_184' title='bbox 616 2937 717 3003; x_wconf 83' lang='lat' dir='ltr'><strong>lactus</strong></span> <span class='ocrx_word' id='word_1_185' title='bbox 755 2940 813 3020; x_wconf 89' lang='lat' dir='ltr'><strong>est,</strong></span> <span class='ocrx_word' id='word_1_186' title='bbox 846 2938 883 3001; x_wconf 89' lang='lat' dir='ltr'><strong>ut</strong></span> <span class='ocrx_word' id='word_1_187' title='bbox 915 2956 985 3001; x_wconf 92' lang='lat' dir='ltr'><strong>eum</strong></span> <span class='ocrx_word' id='word_1_188' title='bbox 1018 2938 1077 3018; x_wconf 92' lang='lat' dir='ltr'><strong>ipsi</strong></span> <span class='ocrx_word' id='word_1_189' title='bbox 1111 2954 1231 3020; x_wconf 90' lang='lat' dir='ltr'><strong>quoque</strong></span> <span class='ocrx_word' id='word_1_190' title='bbox 1265 2952 1369 3001; x_wconf 90' lang='lat' dir='ltr'><strong>rerum</strong></span> 
     </span>
     <span class='ocr_line' id='line_1_25' title="bbox 245 3040 1370 3124; baseline 0 -21"><span class='ocrx_word' id='word_1_191' title='bbox 245 3040 453 3122; x_wconf 86' lang='lat' dir='ltr'><strong>praesentium</strong></span> <span class='ocrx_word' id='word_1_192' title='bbox 476 3042 605 3124; x_wconf 86' lang='lat' dir='ltr'><strong>domini,</strong></span> <span class='ocrx_word' id='word_1_193' title='bbox 629 3041 681 3124; x_wconf 92' lang='lat' dir='ltr'><strong>qui</strong></span> <span class='ocrx_word' id='word_1_194' title='bbox 705 3041 817 3106; x_wconf 92' lang='lat' dir='ltr'><strong>mnndi</strong></span> <span class='ocrx_word' id='word_1_195' title='bbox 838 3042 930 3105; x_wconf 88' lang='lat' dir='ltr'><strong>huius</strong></span> <span class='ocrx_word' id='word_1_196' title='bbox 952 3042 1046 3123; x_wconf 91' lang='lat' dir='ltr'><strong>atque</strong></span> <span class='ocrx_word' id='word_1_197' title='bbox 1069 3042 1192 3122; x_wconf 89' lang='lat' dir='ltr'><strong>imperii</strong></span> <span class='ocrx_word' id='word_1_198' title='bbox 1215 3040 1370 3124; x_wconf 80' lang='lat' dir='ltr'><strong>guberna·</strong></span> 
     </span>
     <span class='ocr_line' id='line_1_26' title="bbox 244 3144 1410 3229; baseline -0.002 -21"><span class='ocrx_word' id='word_1_199' title='bbox 244 3144 315 3209; x_wconf 90' lang='lat' dir='ltr'><strong>cula</strong></span> <span class='ocrx_word' id='word_1_200' title='bbox 347 3145 518 3210; x_wconf 88' lang='lat' dir='ltr'><strong>retinentes</strong></span> <span class='ocrx_word' id='word_1_201' title='bbox 552 3148 646 3211; x_wconf 88' lang='lat' dir='ltr'><strong>etiarn</strong></span> <span class='ocrx_word' id='word_1_202' title='bbox 680 3147 858 3227; x_wconf 90' lang='lat' dir='ltr'><strong>potentibus</strong></span> <span class='ocrx_word' id='word_1_203' title='bbox 892 3145 1013 3210; x_wconf 90' lang='lat' dir='ltr'><strong>cunctis</strong></span> <span class='ocrx_word' id='word_1_204' title='bbox 1042 3146 1229 3229; x_wconf 83' lang='lat' dir='ltr'><strong>regibusque</strong></span> <span class='ocrx_word' id='word_1_205' title='bbox 1259 3144 1410 3208; x_wconf 72' lang='lat' dir='ltr'><strong>terroriee</strong></span> 
     </span>
     <span class='ocr_line' id='line_1_27' title="bbox 242 3248 1371 3327; baseline 0.001 -15"><span class='ocrx_word' id='word_1_206' title='bbox 242 3248 325 3327; x_wconf 90' lang='lat' dir='ltr'><strong>sunt,</strong></span> <span class='ocrx_word' id='word_1_207' title='bbox 364 3250 453 3313; x_wconf 89' lang='lat' dir='ltr'><strong>uelut</strong></span> <span class='ocrx_word' id='word_1_208' title='bbox 490 3250 650 3315; x_wconf 91' lang='lat' dir='ltr'><strong>dominum</strong></span> <span class='ocrx_word' id='word_1_209' title='bbox 687 3252 875 3315; x_wconf 84' lang='lat' dir='ltr'><strong>uenerantur</strong></span> <span class='ocrx_word' id='word_1_210' title='bbox 907 3254 941 3314; x_wconf 91' lang='lat' dir='ltr'><strong>et</strong></span> <span class='ocrx_word' id='word_1_211' title='bbox 973 3249 1098 3315; x_wconf 85' lang='lat' dir='ltr'><strong>oracula</strong></span> <span class='ocrx_word' id='word_1_212' title='bbox 1132 3250 1198 3313; x_wconf 91' lang='lat' dir='ltr'><strong>eius</strong></span> <span class='ocrx_word' id='word_1_213' title='bbox 1232 3248 1271 3313; x_wconf 91' lang='lat' dir='ltr'><strong>de</strong></span> <span class='ocrx_word' id='word_1_214' title='bbox 1302 3251 1371 3313; x_wconf 87' lang='lat' dir='ltr'><strong>tarn</strong></span> 
     </span>
     <span class='ocr_line' id='line_1_28' title="bbox 243 3352 1371 3437; baseline 0.001 -22"><span class='ocrx_word' id='word_1_215' title='bbox 243 3352 420 3437; x_wconf 80' lang='lat' dir='ltr'><strong>longinquis</strong></span> <span class='ocrx_word' id='word_1_216' title='bbox 444 3354 624 3437; x_wconf 84' lang='lat' dir='ltr'><strong>regionibus</strong></span> <span class='ocrx_word' id='word_1_217' title='bbox 647 3356 826 3437; x_wconf 86' lang='lat' dir='ltr'><strong>expetentes</strong></span> <span class='ocrx_word' id='word_1_218' title='bbox 853 3353 980 3436; x_wconf 90' lang='lat' dir='ltr'><strong>imperii</strong></span> <span class='ocrx_word' id='word_1_219' title='bbox 1002 3356 1051 3417; x_wconf 86' lang='lat' dir='ltr'><strong>sui</strong></span> <span class='ocrx_word' id='word_1_220' title='bbox 1066 3354 1187 3435; x_wconf 87' lang='lat' dir='ltr'><strong>apicem</strong></span> <span class='ocrx_word' id='word_1_221' title='bbox 1202 3356 1234 3417; x_wconf 90' lang='lat' dir='ltr'><strong>et</strong></span> <span class='ocrx_word' id='word_1_222' title='bbox 1250 3355 1371 3417; x_wconf 88' lang='lat' dir='ltr'><strong>statum</strong></span> 
     </span>
     <span class='ocr_line' id='line_1_29' title="bbox 243 3457 1372 3541; baseline 0.001 -21"><span class='ocrx_word' id='word_1_223' title='bbox 243 3457 354 3521; x_wconf 89' lang='lat' dir='ltr'><strong>salutis</strong></span> <span class='ocrx_word' id='word_1_224' title='bbox 388 3457 602 3541; x_wconf 89' lang='lat' dir='ltr'><strong>bellorumque</strong></span> <span class='ocrx_word' id='word_1_225' title='bbox 635 3460 805 3540; x_wconf 91' lang='lat' dir='ltr'><strong>prouentus</strong></span> <span class='ocrx_word' id='word_1_226' title='bbox 840 3457 930 3523; x_wconf 91' lang='lat' dir='ltr'><strong>illius</strong></span> <span class='ocrx_word' id='word_1_227' title='bbox 963 3457 1157 3523; x_wconf 87' lang='lat' dir='ltr'><strong>orationibus</strong></span> <span class='ocrx_word' id='word_1_228' title='bbox 1190 3457 1372 3539; x_wconf 88' lang='lat' dir='ltr'><strong>meritisque</strong></span> 
     </span>
     <span class='ocr_line' id='line_1_30' title="bbox 243 3562 450 3627; baseline 0 0"><span class='ocrx_word' id='word_1_229' title='bbox 243 3562 450 3627; x_wconf 87' lang='lat' dir='ltr'><strong>committant.</strong></span> 
     </span>
    </p>
   </div>
   <div class='ocr_carea' id='block_1_5' title="bbox 345 3826 832 3897">
    <p class='ocr_par' dir='ltr' id='par_1_6' title="bbox 345 3826 832 3897">
     <span class='ocr_line' id='line_1_31' title="bbox 345 3826 832 3897; baseline 0.004 -16"><span class='ocrx_word' id='word_1_230' title='bbox 345 3826 533 3894; x_wconf 66' lang='lat' dir='ltr'><strong>rmum</strong></span> <span class='ocrx_word' id='word_1_231' title='bbox 635 3828 832 3897; x_wconf 73' lang='lat' dir='ltr'><strong>amma</strong></span> 
     </span>
    </p>
   </div>
   <div class='ocr_carea' id='block_1_6' title="bbox 241 4076 1373 4493">
    <p class='ocr_par' dir='ltr' id='par_1_7' title="bbox 241 4076 1373 4493">
     <span class='ocr_line' id='line_1_32' title="bbox 296 4076 1373 4148; baseline 0.001 -17"><span class='ocrx_word' id='word_1_232' title='bbox 296 4076 430 4146; x_wconf 89' lang='lat' dir='ltr'><strong>linquid</strong></span> <span class='ocrx_word' id='word_1_233' title='bbox 451 4078 506 4131; x_wconf 74' lang='grc' dir='ltr'><strong>ΓΖ</strong></span> <span class='ocrx_word' id='word_1_234' title='bbox 606 4078 762 4132; x_wconf 85' lang='lat' dir='ltr'><strong>4seniores</strong></span> <span class='ocrx_word' id='word_1_235' title='bbox 785 4077 825 4132; x_wconf 62' lang='grc' dir='ltr'><strong>Ιιη</strong></span> <span class='ocrx_word' id='word_1_236' title='bbox 855 4076 1037 4134; x_wconf 84' lang='lat' dir='ltr'><strong>senioran</strong></span> <span class='ocrx_word' id='word_1_237' title='bbox 1140 4077 1373 4148; x_wconf 76' lang='lat' dir='ltr'><strong>5imperio.1⁴lx·</strong></span> 
     </span>
     <span class='ocr_line' id='line_1_33' title="bbox 241 4162 1372 4234; baseline -0.001 -16"><span class='ocrx_word' id='word_1_238' title='bbox 241 4165 395 4234; x_wconf 89' lang='lat' dir='ltr'><strong>pliouernnt</strong></span> <span class='ocrx_word' id='word_1_239' title='bbox 414 4162 576 4218; x_wconf 86' lang='lat' dir='ltr'><strong>conlationes</strong></span> <span class='ocrx_word' id='word_1_240' title='bbox 594 4165 742 4218; x_wconf 65' lang='lat' dir='ltr'><strong>monachor„</strong></span> <span class='ocrx_word' id='word_1_241' title='bbox 760 4163 791 4217; x_wconf 74' lang='lat' dir='ltr'><em>F</em></span> <span class='ocrx_word' id='word_1_242' title='bbox 883 4166 900 4218; x_wconf 89' lang='grc'><strong>6</strong></span> <span class='ocrx_word' id='word_1_243' title='bbox 918 4164 1012 4233; x_wconf 87' lang='lat' dir='ltr'><strong>pendit</strong></span> <span class='ocrx_word' id='word_1_244' title='bbox 1029 4165 1056 4218; x_wconf 87' lang='grc' dir='ltr'><em>Ζ</em></span> <span class='ocrx_word' id='word_1_245' title='bbox 1153 4166 1184 4218; x_wconf 92' lang='grc'><strong>11</strong></span> <span class='ocrx_word' id='word_1_246' title='bbox 1203 4165 1372 4233; x_wconf 85' lang='lat' dir='ltr'><strong>persequuti-</strong></span> 
     </span>
     <span class='ocr_line' id='line_1_34' title="bbox 242 4247 1373 4320; baseline 0.002 -17"><span class='ocrx_word' id='word_1_247' title='bbox 242 4266 321 4303; x_wconf 90' lang='lat' dir='ltr'><strong>onum</strong></span> <span class='ocrx_word' id='word_1_248' title='bbox 345 4250 367 4305; x_wconf 88' lang='lat'><em>0</em></span> <span class='ocrx_word' id='word_1_249' title='bbox 466 4250 499 4305; x_wconf 82' lang='lat'><strong>13</strong></span> <span class='ocrx_word' id='word_1_250' title='bbox 517 4247 733 4318; x_wconf 84' lang='lat' dir='ltr'><strong>despecahilisO</strong></span> <span class='ocrx_word' id='word_1_251' title='bbox 828 4249 1030 4305; x_wconf 72' lang='lat' dir='ltr'><strong>reconditione</strong></span> <span class='ocrx_word' id='word_1_252' title='bbox 1049 4250 1099 4306; x_wconf 88' lang='grc' dir='ltr'><strong>ΟΖ</strong></span> <span class='ocrx_word' id='word_1_253' title='bbox 1192 4250 1223 4304; x_wconf 83' lang='grc'><strong>17</strong></span> <span class='ocrx_word' id='word_1_254' title='bbox 1241 4252 1373 4320; x_wconf 89' lang='lat' dir='ltr'><strong>inponere</strong></span> 
     </span>
     <span class='ocr_line' id='line_1_35' title="bbox 244 4335 1372 4405; baseline 0.001 -15"><span class='ocrx_word' id='word_1_255' title='bbox 244 4336 267 4390; x_wconf 91' lang='grc'><strong>0</strong></span> <span class='ocrx_word' id='word_1_256' title='bbox 365 4337 397 4389; x_wconf 90' lang='grc'><strong>18</strong></span> <span class='ocrx_word' id='word_1_257' title='bbox 415 4336 574 4390; x_wconf 92' lang='lat' dir='ltr'><strong>conditionis</strong></span> <span class='ocrx_word' id='word_1_258' title='bbox 596 4336 646 4391; x_wconf 87' lang='grc' dir='ltr'><strong>ΟΖ</strong></span> <span class='ocrx_word' id='word_1_259' title='bbox 741 4335 932 4405; x_wconf 86' lang='lat' dir='ltr'><strong>oppropriisO</strong></span> <span class='ocrx_word' id='word_1_260' title='bbox 1029 4338 1064 4392; x_wconf 69' lang='lat'><strong>20</strong></span> <span class='ocrx_word' id='word_1_261' title='bbox 1080 4338 1219 4393; x_wconf 81' lang='lat' dir='ltr'><strong>ioanneO</strong></span> <span class='ocrx_word' id='word_1_262' title='bbox 1316 4338 1372 4392; x_wconf 87' lang='lat' dir='ltr'><strong>lico</strong></span> 
     </span>
     <span class='ocr_line' id='line_1_36' title="bbox 244 4420 838 4493; baseline 0 -16"><span class='ocrx_word' id='word_1_263' title='bbox 244 4420 267 4477; x_wconf 92' lang='lat'><strong><em>0</em></strong></span> <span class='ocrx_word' id='word_1_264' title='bbox 368 4421 402 4474; x_wconf 73' lang='lat'><strong>22</strong></span> <span class='ocrx_word' id='word_1_265' title='bbox 420 4438 484 4493; x_wconf 90' lang='lat' dir='ltr'><strong>pene</strong></span> <span class='ocrx_word' id='word_1_266' title='bbox 504 4422 552 4479; x_wconf 85' lang='grc' dir='ltr'><strong>ΟΖ</strong></span> <span class='ocrx_word' id='word_1_267' title='bbox 653 4422 686 4477; x_wconf 81' lang='grc'><strong>24</strong></span> <span class='ocrx_word' id='word_1_268' title='bbox 709 4422 838 4493; x_wconf 85' lang='lat' dir='ltr'><strong>adqueO</strong></span> 
     </span>
    </p>
   </div>
   <div class='ocr_carea' id='block_1_7' title="bbox 0 0 1510 5200">
    <p class='ocr_par' dir='ltr' id='par_1_8' title="bbox 0 0 1510 5200">
     <span class='ocr_line' id='line_1_37' title="bbox 0 0 1510 5200; baseline 0 2"><span class='ocrx_word' id='word_1_269' title='bbox 0 0 1510 5200; x_wconf 95' lang='lat' dir='ltr'><strong> </strong></span> 
     </span>
    </p>
   </div>
  </div>
 </body>
</html>
