3009 5200
322 398 386 479 290
712 396 876 451 Inhennie
894 394 1053 451 Gueuiuni

292 589 378 655 ised
405 589 501 655 etiam
529 590 697 671 perpetuae
724 586 838 653 mortis
864 585 1032 651 incurrisse
1055 584 1231 651 discrimen.
1266 586 1349 651 unde
1371 604 1445 669 ergo

322 691 374 757 uel
395 710 450 759 cur
472 696 502 758 ei
523 691 575 756 hie
596 692 665 757 tum
684 688 791 773 grauis
814 706 899 755 error
926 686 1101 771 inrepserit,
1130 685 1267 772 primum
1288 686 1444 753 desidere·

321 813 392 859 mus
421 813 595 879 ugneseere.
631 795 742 861 deinde
769 810 958 875 quaesumus
980 792 1102 858 edoeeri
1123 789 1382 874 quemadmodum
1405 791 1445 855 ud

323 895 414 963 illem
432 897 585 963 erationis
606 896 803 979 quelitatem
826 895 865 961 de
886 893 1090 978 quapridem
1111 912 1173 960 nen
1195 896 1296 961 solum
1313 894 1444 975 cupisse,

316 1002 378 1080 ¹sed
406 1000 502 1067 ettam
528 999 693 1085 magnifiee
725 999 903 1083 disputasti,
936 998 1097 1080 peruenire
1124 998 1288 1085 pessimus.
1326 1000 1359 1063 in
1388 1000 1484 1067 huus

323 1104 406 1169 enim
428 1104 561 1187 prefecit
581 1106 615 1168 in
636 1102 726 1169 nobis
754 1098 950 1169 admirabilis
973 1101 1197 1179 illummatio,
1224 1104 1261 1167 ut
1283 1106 1445 1185 stuporem

322 1207 539 1278 tantummodo
567 1208 683 1273 mentis
710 1205 878 1282 incuteret,
905 1224 967 1271 non
995 1206 1256 1289 quemadmodum
1283 1225 1353 1273 eum
1375 1225 1445 1289 per·

322 1308 414 1374 liuere
434 1311 488 1378 rel
508 1309 735 1393 adprehendere
757 1308 932 1376 emeremus
961 1311 1147 1375 ostenderet.

366 1431 405 1495 V.
426 1446 542 1497 resse:
570 1431 644 1496 Non
670 1431 717 1495 est
741 1428 919 1497 mirandum
941 1428 1098 1497 hominem
1119 1430 1391 1512 simplieiseimum
1412 1436 1446 1496 et

322 1532 362 1597 de
381 1533 560 1599 edmunde
580 1552 617 1600 ee
637 1534 751 1599 nutura
767 1533 944 1601 diuinitutis
960 1551 1131 1616 numquum
1147 1534 1274 1615 penitus
1288 1534 1446 1601 eruditum
1456 1562 1483 1601 re

322 1636 509 1703 rustieitetis
538 1636 617 1702 uitio
639 1640 672 1701 et
700 1636 923 1703 eemuetudine
951 1636 1063 1701 erroris
1090 1635 1216 1721 antiqui
1243 1654 1340 1719 usque
1361 1656 1445 1705 nune

321 1737 455 1803 detineri
483 1740 535 1805 uel
566 1739 666 1823 deeipi
695 1740 832 1821 putuisse
865 1744 897 1805 et
929 1743 966 1805 ut
999 1739 1105 1805 uerius
1139 1740 1244 1805 diuum
1275 1741 1308 1805 in
1342 1760 1446 1807 errore

322 1840 453 1921 pristine
484 1844 660 1927 perdurare,
689 1846 743 1927 qni
770 1862 832 1909 nun
864 1845 982 1911 retenti
1008 1844 1091 1908 sieut
1117 1844 1236 1926 putatis
1259 1843 1445 1921 daemonum

323 1943 487 2025 inlusione,
515 1948 570 2013 sed
597 1947 777 2030 ignorante
802 1946 951 2031 pristinus
979 1946 1172 2029 gentilitatis
1202 1946 1344 2023 infertur,
1368 1948 1445 2015 dum

322 2052 492 2115 seeundum
506 2051 764 2116 eonsuetudinem
778 2050 890 2115 erroris
905 2049 1003 2129 illius,
1027 2068 1087 2133 quo
1102 2052 1268 2118 dromones
1282 2050 1445 2119 deminum
1456 2079 1484 2119 rr

322 2149 423 2233 daura
444 2156 619 2237 tenpusites
641 2153 832 2235 exeelebunt,
859 2172 941 2219 nunu
957 2152 1180 2236 queque-illem
1196 2154 1442 2237 ineonpreuerei·

324 2254 421 2321 bilem
442 2260 537 2339 utque
558 2256 746 2323 ineffabilem
768 2258 835 2323 neri
857 2258 996 2323 numinis
1019 2257 1220 2326 meimtetem
1234 2256 1293 2325 sub
1308 2258 1445 2325 eircum-

322 2358 490 2440 eeriptiune
517 2361 649 2427 alieuius
677 2358 827 2443 imaginis
855 2361 1037 2427 existimant
1069 2362 1267 2437 eduardum,
1301 2361 1382 2433 nihil
1411 2381 1444 2427 se

324 2463 429 2525 tenere
460 2464 513 2527 uel
544 2462 659 2529 hebere
692 2462 863 2540 eredentes.
897 2462 926 2528 si
957 2463 1148 2545 propesitum
1182 2481 1242 2531 nen
1277 2463 1446 2531 debuerint

323 2561 495 2646 imaginem
531 2567 699 2648 quendem,
736 2584 831 2648 quum
867 2567 899 2633 iu
935 2564 1163 2649 sepelientium
1199 2566 1296 2650 positi
1325 2568 1484 2651 suntne

323 2667 523 2750 interpellent
545 2687 673 2751 eumque
695 2668 915 2736 eireumferent
940 2670 1044 2737 mente
1065 2687 1190 2753 uepres
1204 2671 1301 2738 euntis
1316 2672 1446 2738 tenent

294 2771 445 2852 ‘isemper
473 2771 617 2838 adinum,
656 2789 748 2852 snper
776 2789 906 2854 querum
937 2772 995 2838 hue
1020 2789 1122 2838 errore
1143 2775 1343 2855 eenpetenter
1365 2775 1444 2842 diti·

322 2874 409 2954 gitur
443 2874 502 2941 illu
533 2875 705 2940 sententie:
740 2875 781 2939 et
816 2876 1078 2943 mutarerunt
1112 2876 1283 2958 glorium
1319 2877 1445 2945 insor-

324 2976 537 3057 ruptibilis
567 2977 632 3042 dei
653 2977 694 3040 in
715 2977 1028 3044 similitudinem
1061 2978 1251 3063 imaginis
1273 2980 1445 3050 hominis

324 3080 616 3161 corruptibilis.
653 3079 828 3146 Hieremius
849 3100 970 3165 qunque
991 3084 1176 3164 populus,
1200 3083 1484 3167 inquitmeusee

324 3181 500 3246 mutauit
520 3181 693 3264 gloriam
713 3201 823 3250 suum
844 3183 885 3248 in
905 3185 1021 3250 idolo.
1058 3185 1112 3268 qui
1134 3203 1219 3252 error
1234 3186 1309 3253 lieet
1324 3189 1445 3269 origine

326 3283 385 3346 lme
409 3302 470 3366 qus
492 3285 625 3349 diximus
648 3286 842 3366 quorundum
868 3289 1008 3354 sensibus
1031 3288 1074 3352 sit
1089 3289 1227 3368 inolitus,
1243 3289 1446 3355 nihilominus

326 3541 329 3546 -
424 3501 551 3562 utnon.
570 3507 647 3573 ullu
746 3507 958 3573 diffluum-2,
977 3508 1009 3563 11

318 3703 324 3718 ’“
375 3705 520 3778 tquuro
605 3711 821 3782 dpueeumusO
908 3715 1056 3788 6preiecit
1073 3715 1116 3772 D:
1146 3717 1251 3786 proiicit
1272 3715 1380 3775 VOPX

323 3795 340 3847 8
365 3795 503 3848 ostendere
528 3795 552 3852 0
652 3799 778 3854 9Yeaee
804 3798 832 3853 V
930 3799 1118 3856 ndmirundum
1143 3802 1166 3859 0
1267 3801 1301 3857 12
1323 3805 1446 3860 detenere

323 3879 363 3934 D¹
393 3955 396 3960 Ι
450 3881 539 3950 decepi
562 3880 597 3934 V¹
693 3882 726 3940 13
743 3885 867 3940 reue-etis
885 3886 915 3940 D
1002 3887 1082 3958 sieut]
1101 3891 1164 3943 eunt
1181 3889 1222 3944 D'
1317 3889 1351 3944 14
1369 3891 1447 3959 igno·

323 3966 428 4019 runtiee
451 3963 549 4022 DPX¹
653 3970 685 4023 16
712 3972 865 4039 conpositus
886 3970 914 4025 V
1016 3971 1048 4028 17
1071 3973 1156 4043 adque
1176 3973 1226 4030 VO
1329 3978 1447 4032 nominis

316 4042 384 4132 [DP
413 4051 525 4108 luminis
556 4050 579 4109 0
680 4057 927 4112 euenmsnribtiene
959 4057 1005 4114 VO
1108 4061 1141 4114 19
1166 4054 1261 4114 habere
1286 4061 1330 4116 uel
1356 4063 1448 4117 tenere

322 4129 354 4190 1)
456 4135 490 4190 22
513 4138 698 4208 deperiturV
803 4138 837 4196 23
860 4143 1008 4214 incurrupt.
1030 4145 1056 4198 V
1155 4143 1190 4202 24
1211 4141 1368 4202 dei....2e
1391 4164 1447 4202 eor·

318 4220 462 4289 'ruptrlrilis
479 4239 530 4280 eeu
551 4218 579 4277 V
676 4226 711 4282 25
729 4223 866 4282 hierimit·
887 4227 913 4282 V
1011 4228 1105 4302 inquid
1123 4227 1232 4286 VDPX
1332 4233 1367 4287 26
1390 4233 1447 4290 ide-

321 4305 381 4360 lum
398 4306 465 4362 D‘r
565 4309 671 4382 erigene
693 4311 730 4364 V¹
