3009 5200
437 426 598 483 Conlatio
621 426 715 492 XIIII,
738 429 847 482 16-17.
1141 430 1203 495 421

81 618 258 699 passionum
280 616 313 679 et
334 617 469 681 marimo
501 616 716 683 fornicationis
750 618 930 684 dominatur
958 618 1087 683 affectus
1110 618 1204 701 spiri·

80 720 172 785 talem
205 720 325 800 poterit
356 719 518 784 scientim
552 720 717 801 possidere.
762 721 801 785 in
836 722 952 785 corde
988 722 1071 785 enim
1108 722 1204 785 bono

79 821 308 904 requiescet
351 822 574 907 sapientia,
624 826 670 887 et:
714 823 783 905 qui
828 824 942 887 timet
987 824 1202 902 dominum,

78 924 259 989 inueniet
279 926 487 991 scientiam
511 944 594 991 cum
616 925 795 991 iustitia.
827 925 885 990 hoc
906 927 1012 991 autem
1035 945 1093 1008 qno
1117 945 1204 1009 prae·

61 1029 213 1093 ediximus
235 1030 342 1093 ordine
364 1028 403 1094 ad
425 1030 601 1111 spiritalem
622 1030 783 1095 scientiam
806 1029 962 1113 perueniri
982 1029 1077 1095 etiam
1094 1028 1203 1095 boatus

78 1131 237 1215 apostolus
270 1135 367 1198 docet.
411 1150 484 1197 nam
521 1150 591 1197 cum
625 1134 844 1198 uniuersorum
881 1132 1037 1197 uirtutum
1074 1150 1203 1197 suarum

79 1253 137 1299 non
168 1234 272 1300 solum
301 1235 479 1319 catalogum
511 1236 623 1314 terere,
656 1254 767 1301 uerum
798 1235 892 1299 etiam
927 1236 1064 1300 ordinem
1095 1254 1202 1301 earum

78 1339 173 1405 nossst
206 1356 364 1422 exponere,
395 1341 433 1404 ut
462 1355 539 1420 qnae
573 1356 668 1420 quam
701 1341 881 1420 sequeretur
910 1338 961 1402 uel
996 1356 1074 1421 quae
1107 1356 1202 1420 quam

78 1442 249 1523 parturiret
292 1443 486 1523 exprimeret,
531 1445 603 1524 post
647 1441 809 1523 aliquanta
852 1441 961 1506 intulit
1005 1442 1125 1507 dicens:
1163 1442 1201 1507 in

53 1544 253 1628 ronigiliis,
284 1546 323 1609 in
352 1544 532 1624 ieiuniis,
563 1546 604 1608 in
633 1545 842 1623 castitate,
873 1545 910 1608 in
941 1545 1134 1623 scientia,
1161 1546 1201 1611 in

78 1646 400 1730 longanimitate,
430 1646 470 1711 in
491 1647 716 1723 suauitate,
746 1648 786 1713 in
815 1648 964 1729 spiritu
986 1650 1139 1731 sancto,
1162 1648 1202 1714 in

79 1750 253 1815 caritate
282 1767 355 1813 non
377 1751 487 1816 ficta.
524 1767 586 1833 qna
615 1750 832 1833 coniugatione
853 1752 1009 1816 umtntum
1032 1752 1230 1818 euidentia-9

79 1856 154 1918 sime
175 1872 234 1917 nos
256 1854 358 1919 uoluit
380 1854 502 1918 erudire
516 1853 554 1918 de
567 1852 687 1935 uigiliis
705 1854 800 1935 atquo
815 1853 940 1918 ieiuniis
956 1854 996 1919 ad
1012 1854 1198 1933 castitatem,

78 1957 112 2021 de
135 1956 282 2022 castitate
305 1956 345 2021 ad
368 1955 542 2036 scientiam,
571 1954 610 2020 de
639 1958 770 2022 scientia
792 1959 831 2022 ad
853 1956 1137 2040 longanimitatem,
1161 1956 1200 2021 de

52 2060 314 2144 clonganimitate
335 2062 373 2124 ad
388 2058 589 2138 suauitatem,
604 2060 643 2123 ds
658 2059 816 2124 suauitate
831 2058 870 2123 ad
886 2061 1030 2143 spiritum
1045 2062 1198 2136 sanctum,

78 2166 112 2229 de
140 2164 255 2246 spiritu
283 2165 390 2227 sancto
421 2162 461 2227 ad
490 2161 632 2227 caritatis
662 2180 724 2227 non
755 2162 845 2227 fictae
871 2162 1012 2245 praemia
1032 2164 1198 2246 perueniri.

79 2285 144 2333 oum
175 2267 274 2350 igitur
302 2265 362 2329 hac
391 2264 558 2349 disciplina
586 2265 680 2347 atque
707 2263 766 2330 hoc
797 2266 902 2330 ordine
927 2268 963 2331 tu
985 2283 1106 2348 qnoque
1127 2284 1198 2347 por·

77 2370 197 2435 nonoris
225 2368 266 2434 ad
294 2368 457 2433 scientiam
486 2366 671 2451 spiritalem,
701 2368 829 2434 habebis
860 2368 967 2451 procul
997 2367 1090 2433 dubio
1116 2369 1200 2433 siout

77 2472 207 2537 diximus
227 2487 289 2536 non
311 2468 450 2535 sterilem
473 2488 530 2535 nec
552 2472 696 2549 inertem,
719 2472 774 2536 sed
790 2471 932 2537 uinidam
947 2471 1198 2554 fructuosamque

50 2575 257 2653 seductricem,
287 2591 452 2656 semenque
479 2573 627 2640 salutaris
657 2573 755 2648 uerbi,
786 2574 867 2655 quod
890 2592 909 2640 a
931 2576 963 2640 ts
993 2572 1088 2640 inerit
1111 2574 1198 2642 audi·

78 2682 195 2745 entium
230 2676 375 2742 cordibus
412 2677 659 2760 commendatum,
704 2675 895 2758 subsequens
931 2675 1060 2758 spiritus
1098 2681 1198 2743 sancti

78 2783 173 2848 imber
202 2780 403 2862 largissimus
431 2778 615 2845 fecundabit
639 2798 677 2844 ac
697 2780 868 2845 secundum
890 2779 923 2844 id
945 2779 1025 2861 quod
1047 2780 1199 2863 propheta

78 2884 234 2966 pollicitus
256 2884 305 2949 est
326 2883 492 2948 dabitur
520 2883 661 2965 pluuia
690 2882 834 2948 semini
856 2885 938 2962 tuo,
962 2882 1198 2966 ubicumque

78 2988 341 3054 seminaueris
362 2988 402 3052 in
423 2988 549 3053 terra:
573 2990 612 3054 et
633 2988 751 3071 panis
772 2987 932 3072 frugum
954 2992 1088 3054 torrae
1105 2991 1197 3054 tuae

46 3093 151 3158 uerit
171 3091 234 3156 tibi
255 3092 501 3170 uberrimus,
524 3092 563 3155 et
584 3092 756 3174 pinguis.

113 3210 214 3276 XVII.
245 3209 328 3276 (laus
356 3212 453 3276 etiam
482 3230 522 3276 no
550 3210 627 3276 haec
656 3229 734 3293 quae
764 3231 825 3278 non
855 3213 921 3277 tam
950 3213 1081 3278 lectione
1104 3229 1197 3294 qaam

77 3313 279 3396 experientiae
301 3317 412 3380 sudore
434 3313 590 3398 didiceris,
613 3333 684 3379 cum
700 3316 732 3379 te
747 3319 834 3381 aetas
851 3315 1003 3380 maturior
1018 3314 1196 3398 prouexerit

77 3417 112 3481 ad
134 3417 316 3498 docendum,
338 3435 438 3482 uanae
459 3417 576 3500 gloriae
597 3435 702 3483 amore
725 3419 871 3484 seductus
886 3417 1045 3482 inmundis
1060 3416 1196 3481 homini-

172 3636 189 3690 2
215 3635 294 3691 Prov.
317 3637 359 3701 14,
381 3637 416 3690 33
517 3637 536 3690 3
563 3635 614 3690 Sir.
637 3637 681 3703 32,
702 3636 736 3690 20
838 3636 856 3691 9
882 3636 912 3691 11
929 3637 989 3690 Gor.
1012 3636 1037 3700 6,
1059 3636 1128 3691 5-6

74 3722 105 3776 23
121 3721 194 3776 Enni.
212 3721 255 3787 30,
272 3723 306 3776 23

119 3926 298 3995 disquisacit
315 3925 417 3978 mro
434 3933 459 3981 et
481 3927 558 3997 Volo.
654 3925 789 3994 sapientia
806 3931 834 3983 et
852 3929 962 3982 iusticia
979 3930 1005 3979 Y
1099 3932 1126 3983 st
1144 3945 1195 3984 om.

73 4011 100 4062 Π
191 4013 211 4066 4
231 4012 338 4066 inuenit
357 4013 388 4064 Π
484 4013 597 4068 scientia
616 4014 645 4066 Σ
741 4015 759 4068 8
777 4016 808 4068 ut
826 4015 999 4083 quaequam]
1018 4015 1195 4085 utquasdam

72 4097 108 4148 Π·
208 4099 290 4168 9pos
307 4099 347 4150 Π1
364 4099 468 4155 ataid.
573 4099 606 4153 12
623 4101 652 4153 in
670 4115 725 4169 qua
740 4099 792 4155 IIo
896 4102 928 4155 16
945 4102 1084 4170 peruenire
1103 4101 1128 4154 0

73 4184 243 4240 lactucam
259 4185 301 4238 11¹
394 4160 552 4241 uiuam¹flc
646 4185 682 4239 20
699 4187 779 4255 qnod]
798 4186 870 4256 qnod
888 4203 947 4241 cnm
965 4190 991 4240 Y
1005 4189 1037 4242 iu
1048 4204 1102 4243 rus.
1119 4205 1154 4244 m.
1166 4192 1194 4254 2,

73 4276 127 4324 etc
228 4271 264 4325 22
286 4271 362 4326 iubar
384 4271 411 4324 0
511 4270 668 4326 iocundauit
688 4273 717 4323 Σ
818 4272 886 4341 prol.
905 4273 935 4324 Π
1035 4274 1069 4329 24
1085 4275 1195 4345 frugum

74 4371 120 4410 oar.
131 4360 158 4409 Y
241 4356 277 4411 25
287 4357 341 4411 tibi
351 4372 402 4412 oar.
414 4356 444 4409 Π
449 4357 523 4412 YOo
608 4357 643 4410 26
655 4356 751 4412 XVIII
765 4358 791 4411 0
875 4359 908 4414 27
922 4363 1076 4428 prouexerat
1087 4361 1127 4414 Πι
