3009 5200
533 454 693 511 Conlatie
710 454 733 520 1,
751 454 794 510 20.
1183 458 1224 524 31

88 643 269 724 mutter
304 642 379 708 huie
409 642 462 725 qui
492 641 674 726 augelorum
704 641 847 708 custodia
873 662 935 711 nen
963 646 1074 728 egeto
1097 650 1227 712 cenatur

89 749 194 827 aptore
228 746 355 812 dicens:
386 745 476 827 quia
504 744 662 828 angelis
690 745 777 810 snio
805 745 1011 812 mandabit
1039 749 1086 814 de
1105 751 1160 824 te.
1183 751 1228 814 nt

8 865 9 869 ¹
87 849 334 914 enstedisno
361 850 400 914 to
430 850 467 913 in
490 847 671 913 omnibns
693 848 772 913 uiis
795 850 895 914 tuis:
919 854 956 914 ot
978 852 1016 916 in
1037 852 1226 918 manibus

88 954 312 1035 portabunt
333 953 389 1036 te,
420 950 590 1017 neforto
616 950 799 1018 effendas
822 953 866 1018 ad
889 951 1065 1036 lapidem
1087 954 1223 1037 pedem

71 1057 215 1120 sinum:
241 1057 382 1138 pretiosa
397 1055 521 1120 scilieet
535 1054 658 1137 eloquia
679 1055 907 1138 seripturarum
922 1055 1036 1123 callida
1049 1057 1226 1138 odsnmpti·

88 1175 139 1222 ene
162 1161 363 1226 conuertens
378 1162 409 1223 et
424 1161 462 1224 od
478 1159 669 1225 centrarium
687 1176 813 1226 sonsum
826 1160 1013 1243 nonumque
1026 1159 1225 1243 detorquens,

87 1269 117 1326 nt
144 1263 333 1345 imaginem
361 1262 514 1347 tyrannici
544 1263 651 1328 nultus
677 1263 736 1330 sub
759 1265 861 1330 eelero
882 1261 972 1330 nobis
994 1265 1062 1329 ouri
1084 1263 1227 1328 tollentis

87 1363 215 1430 eliciat.
256 1363 327 1430 siue
349 1381 420 1430 oum
442 1364 705 1447 parochororimis
727 1384 784 1432 nes
807 1370 937 1432 cenatur
958 1366 1108 1444 inludere,
1122 1366 1224 1449 qood·

6 1488 7 1514 r
87 1468 154 1532 mm
187 1467 320 1534 scilieet
347 1467 476 1552 pietatis
504 1485 581 1550 epos
609 1471 780 1536 admonens
807 1470 1034 1547 adfectaudum,
1057 1473 1138 1552 qued
1160 1486 1223 1534 nen

63 1570 123 1635 sle
136 1570 294 1654 legitima
308 1572 466 1636 seniomm
481 1571 648 1653 procedens
671 1574 798 1638 menete
813 1573 872 1638 sub
887 1574 1050 1656 praetextu
1065 1571 1224 1639 uirtutum

88 1673 175 1739 ducit
198 1678 240 1740 ad
266 1675 357 1754 uitia,
381 1674 431 1740 uel
454 1675 655 1742 inmoderatis
680 1676 1012 1759 iuoenpetentibusque
1025 1675 1153 1740 ieiuniis
1167 1693 1223 1742 ooo

88 1778 211 1861 uigiliis
234 1777 347 1843 nimiis
368 1777 420 1842 ool
442 1776 636 1846 orationibus
657 1778 845 1845 inordinatio
866 1781 917 1845 nol
939 1778 1111 1862 incongrua
1131 1777 1224 1843 lecti·

89 1897 143 1946 ono
157 1877 330 1963 decipiens
344 1880 383 1946 ad
399 1881 524 1948 nexium
540 1883 695 1966 pertrahit
708 1882 813 1948 linem.
836 1884 889 1949 uel
903 1901 976 1949 cum
990 1879 1255 1948 iuteroeesienosb

89 2001 122 2048 ac
141 1983 351 2050 nisitatienos
372 1985 441 2065 piae
455 1985 623 2068 persuadet
643 1986 822 2070 inpendere,
837 1985 951 2069 quibes
966 2004 1020 2052 noe
1034 2005 1056 2050 a
1068 1983 1222 2068 spiritali·

65 2087 146 2151 sios
179 2086 368 2152 monosterii
400 2088 544 2154 claustris
573 2091 605 2154 et
633 2091 751 2155 secreto
786 2090 904 2156 amicae
932 2088 1046 2172 quietis
1074 2086 1222 2169 montisi,

92 2189 324 2256 sollicitudines
348 2191 441 2256 etiam
466 2209 616 2276 cumque
631 2193 788 2274 suscipere
803 2192 1021 2277 roligiemrom
1036 2209 1072 2256 oc
1086 2189 1222 2256 destitu-

91 2295 196 2358 tarum
217 2294 364 2377 suggerit
388 2294 587 2376 feminarum,
617 2299 653 2360 ut
683 2295 863 2361 huiusmodi
885 2295 1004 2376 laqueis
1032 2293 1221 2360 monachum

91 2395 353 2461 inextricabiliter
369 2396 536 2462 inretitum
550 2397 795 2480 perniciosarum
806 2398 1053 2464 sollicitudinum
1066 2397 1221 2477 oooopoti·

91 2517 144 2564 one
175 2500 349 2566 distendat.
386 2501 439 2566 uel
470 2502 554 2566 corte
583 2519 656 2566 eum
685 2502 859 2568 desiderme
888 2501 1032 2566 sanctum
1054 2499 1220 2565 clericulus

64 2604 231 2669 aeficium
254 2606 314 2670 snb
334 2609 498 2689 praetextu
524 2606 746 2673 aedificationis
770 2607 943 2673 multorum
964 2609 997 2671 ct
1020 2622 1124 2671 amere
1138 2604 1220 2669 lueri

92 2708 245 2791 spiritalia
265 2708 410 2793 instigat,
433 2728 488 2793 per
509 2710 591 2793 quod
613 2730 668 2776 nes
690 2711 729 2776 ab
752 2711 932 2776 humilitate
954 2708 1107 2793 prepositi
1127 2706 1221 2771 huius

93 2828 127 2874 oe
147 2810 348 2876 distridione
371 2810 511 2878 diuellm.
547 2830 626 2896 quae
655 2798 762 2878 emnia
790 2832 862 2879 oum
888 2814 954 2879 sint
974 2812 1099 2877 neutrae
1121 2809 1254 2876 saletio

91 2913 340 2996 professionique
360 2916 527 2993 centraria,
551 2922 657 2983 tamen
673 2916 830 2982 uolsmine
844 2915 978 2998 quedam
992 2914 1220 2981 misericordiae

92 3034 126 3081 so
159 3016 322 3101 religionis
355 3017 480 3085 obtecta
511 3016 602 3085 facile
634 3020 785 3101 inperitos
817 3020 1018 3101 incaotmqne
1046 3017 1217 3098 decipiunt.

65 3117 261 3187 similantur
283 3120 366 3185 enim
390 3119 578 3187 nomismata
600 3121 666 3185 ueri
689 3122 782 3205 rogis,
804 3122 879 3203 quia
901 3122 1046 3188 uidentur
1067 3121 1108 3187 ad
1129 3138 1218 3203 prae·

94 3240 162 3285 sons
183 3223 278 3305 plena
299 3222 435 3305 pietatis,
461 3226 513 3289 sed
537 3240 597 3289 nen
619 3230 694 3291 sunt
710 3242 729 3288 a
744 3224 894 3309 legitimis
916 3224 1107 3300 monetariis,
1124 3224 1221 3289 idest

94 3322 233 3405 probatis
248 3328 280 3387 ot
295 3324 457 3391 catholicis
472 3326 610 3409 putribus
621 3326 755 3409 figurata
770 3346 825 3393 noc
837 3327 876 3393 do
887 3327 1037 3393 cardinali
1049 3347 1085 3395 ae
1095 3325 1220 3410 publicu

195 3555 212 3607 2
230 3554 280 3609 Mt
297 3556 323 3619 4,
342 3554 367 3609 6.
401 3556 446 3613 Pe.
464 3555 506 3621 90,
527 3556 627 3613 11-12

146 3757 298 3823 ledstedia
313 3770 343 3824 D
444 3770 618 3825 2mandabit
634 3771 677 3825 D:
707 3770 847 3825 mandauit
867 3772 933 3827 WX
1035 3761 1220 3825 scientiane

98 3852 124 3905 D
217 3854 408 3926 lpertnbnnt]
426 3856 554 3910 tollentes
574 3855 601 3911 D
695 3857 855 3913 ”ltirannioi
876 3859 914 3913 W
1007 3857 1092 3910 uoltis
1108 3856 1149 3910 D¹

97 3942 326 4008 dpunoarannis
349 3941 414 4010 (mis
435 3944 467 3996 io
489 3946 555 4009 rea)
585 3940 616 3995 X
740 3941 775 3995 10
800 3942 922 4012 ligitime
952 3942 991 3998 W
1116 3940 1220 3994 monita

97 4024 134 4078 D¹
230 4028 263 4081 15
279 4026 358 4081 amici
375 4026 407 4081 D
504 4028 537 4080 16
556 4026 745 4081 sollicitudinis
766 4028 815 4084 W¹
912 4028 1104 4097 rolcglesamnr
1120 4026 1152 4080 D

97 4110 127 4163 18
142 4111 366 4181 inmtrigabiliter
383 4111 424 4167 Β·
520 4112 656 4181 pernities.
674 4112 746 4167 DW
839 4112 874 4167 20
890 4115 1056 4181 praetextato
1074 4112 1113 4167 D¹
1142 4124 1219 4181 proc·

96 4200 193 4251 tortum
213 4198 260 4252 W¹
364 4200 398 4253 21
424 4197 459 4251 ad
481 4197 636 4253 humilitati
659 4198 699 4253 D¹
803 4197 837 4252 22
860 4198 895 4253 ad
917 4199 1088 4253 destrictieno
1109 4196 1150 4250 D¹

96 4297 202 4353 deusllat
226 4302 272 4357 W¹
378 4300 415 4354 24
437 4299 578 4369 relegionis
601 4299 641 4354 1)Ι
744 4300 780 4355 25
802 4289 963 4355 udmismata
989 4301 1027 4354 W
1128 4299 1161 4353 27
1185 4297 1221 4353 do

97 4400 138 4438 oss
159 4384 196 4441 W
