3009 5200
338 426 401 492 226
731 421 895 476 Iohannis
912 420 1072 477 Cassiani

381 612 421 678 X.
455 628 627 678 annusve:
663 611 734 676 Non
766 630 834 676 esse
867 611 954 678 istud
986 610 1259 693 praeuaricationis
1292 610 1381 676 illius
1414 630 1467 679 eeu

339 714 520 781 deiectionis
558 715 684 779 initium
722 712 876 780 Geueseos
912 713 1007 779 lectio
1043 714 1237 795 manifestat,
1278 734 1357 797 quae
1395 716 1467 779 ante

338 814 467 882 illorum
499 818 712 899 deceptionem
745 817 917 900 serpentini
950 818 1086 883 nominis
1118 820 1193 881 nota
1224 836 1298 883 eum
1333 818 1467 883 credidit

338 921 527 985 inurendum
560 920 607 985 ita
636 920 757 985 dicens:
787 938 946 1003 serpens
978 922 1111 984 autem
1133 925 1217 985 erat
1239 922 1467 1004 sapientior

339 1024 417 1103 eine,
433 1025 470 1088 ut
485 1022 630 1088 Hebraici
648 1023 824 1105 exprimunt
841 1022 925 1103 libri,
941 1023 1132 1090 callidior
1147 1026 1307 1090 cunctis
1322 1025 1466 1091 bestiis
1487 1051 1493 1091 ι

338 1128 469 1191 tarrae
491 1142 587 1207 quae
610 1125 711 1191 iecit
734 1127 917 1191 dominus
940 1127 1045 1193 deus.
1082 1126 1270 1211 intellegitis
1285 1144 1369 1209 ergo,
1386 1128 1467 1210 quod

339 1230 413 1295 ante
434 1230 524 1295 illam
548 1230 844 1295 circumuentionem
866 1232 961 1315 primi
982 1232 1117 1296 hominis
1138 1232 1178 1296 de
1192 1231 1333 1315 angelica
1350 1232 1465 1297 disces-

338 1336 421 1397 serat
443 1334 620 1412 sanctitate,
641 1333 688 1397 ita
710 1334 747 1397 ιιι
769 1350 830 1399 non
852 1335 956 1400 solnm
982 1334 1117 1399 nominis
1131 1333 1224 1398 buius
1238 1334 1384 1418 insigniri
1401 1352 1464 1398 me-

338 1438 458 1501 reretur
479 1436 621 1512 infamia,
644 1436 699 1499 sed
723 1438 818 1500 etiam
840 1435 873 1500 in
896 1436 1054 1519 nequitiae
1079 1436 1338 1519 tergiuersatione
1353 1438 1464 1501 ceteris

339 1538 548 1621 praeferretur
570 1538 679 1605 bestiis
701 1539 811 1603 terrae.
849 1557 911 1604 non
940 1539 1024 1603 enim
1045 1538 1106 1603 tali
1130 1541 1281 1606 uocabulo
1310 1542 1465 1622 scriptura
1473 1565 1493 1605 ιι

339 1641 454 1705 bonum
477 1641 624 1725 angelum
648 1641 843 1724 designasset
864 1660 921 1707 nec
943 1641 981 1707 de
1004 1641 1054 1706 bis
1077 1642 1131 1724 qui
1152 1643 1186 1707 iu
1200 1643 1259 1707 illa
1272 1643 1465 1708 beatitudine

340 1750 539 1825 perseuerant
576 1744 708 1809 diceret:
746 1762 905 1827 serpens
949 1747 1078 1811 autam
1118 1750 1203 1812 erat
1239 1746 1465 1828 sapientior

310 1846 524 1917 homnibus
552 1848 699 1913 bestiis
727 1854 868 1913 terrae.
907 1867 980 1914 nam
1009 1848 1067 1914 hoc
1089 1866 1259 1934 cognomen
1280 1868 1344 1915 non
1367 1850 1465 1914 solnm

341 1946 504 2015 Gabribeli
527 1952 593 2015 siue
615 1950 763 2015 Michaeli
787 1952 873 2016 nullo
895 1951 986 2017 modo
1008 1953 1113 2033 posset
1134 1952 1247 2037 aptari,
1264 1954 1318 2018 sed
1334 1970 1374 2017 na
1390 1953 1465 2018 bono

340 2051 467 2133 quidem
498 2055 643 2135 cuiquam
677 2054 797 2119 homini
836 2057 1026 2120 conueniret.
1070 2057 1267 2137 apertissime
1299 2058 1408 2137 itaque
1437 2059 1493 2119 etc

340 2158 493 2236 serpentis
516 2157 702 2222 uocabulum
727 2160 757 2222 et
780 2161 958 2241 conparatio
986 2156 1159 2223 bestiarum
1180 2177 1241 2223 non
1257 2166 1351 2223 sonat
1364 2160 1465 2243 angeli

341 2257 540 2343 dignitatem,
567 2261 620 2324 sed
643 2259 903 2343 praeuaricatoris
932 2260 1105 2326 infamiam.
1142 2262 1276 2343 denique
1297 2262 1410 2327 liuoris
1432 2280 1466 2326 ac

342 2361 533 2427 seductionis
556 2362 700 2441 materia,
724 2382 786 2445 qua
808 2368 844 2428 ut
865 2364 1023 2429 hominem
1049 2366 1210 2445 deciperet
1224 2364 1394 2450 instigatus
1410 2369 1464 2434 est.

341 2466 378 2529 de
401 2464 568 2530 anterioris
590 2466 698 2532 ruinae
719 2467 827 2531 extitit
847 2483 950 2545 causa,
974 2467 1057 2548 quod
1079 2467 1199 2532 scilicet
1221 2468 1351 2533 delimo
1366 2472 1465 2532 terrae

342 2568 519 2651 nuperrime
535 2570 705 2652 figuratum
722 2572 761 2636 ad
776 2569 864 2635 illam
879 2588 951 2634 eum
966 2570 1100 2655 gloriam
1112 2574 1251 2636 cerneret
1263 2572 1463 2651 euocandum,
1474 2593 1493 2632 n

340 2675 431 2756 unde,
455 2691 527 2740 cum
551 2675 634 2738 esset
656 2691 737 2738 unus
760 2675 799 2740 de
819 2674 1022 2756 principibus,
1044 2691 1079 2740 se
1100 2675 1286 2740 meminerat
1300 2676 1465 2740 conruisae.

312 2777 374 2846 aec
403 2777 518 2842 idcirco
546 2777 681 2859 priorem
709 2779 775 2842 eius
810 2777 932 2859 lapsum
960 2795 1021 2860 quo
1050 2779 1256 2860 superbiendo
1290 2787 1463 2857 conrueret,

342 2879 526 2961 quostiam
555 2898 680 2962 serpens
712 2883 871 2946 meruerat
903 2883 1085 2964 nuncupari,
1119 2881 1254 2947 secunda
1285 2883 1381 2948 ruina
1414 2901 1466 2964 par

342 2982 494 3046 inuidiam
524 2985 689 3049 subsecuta
716 2985 774 3048 est.
812 3002 890 3065 qnae
923 2984 1086 3050 inueniena
1118 3004 1192 3052 eum
1219 2986 1319 3051 adhuc
1349 2987 1466 3069 aliquid

342 3085 375 3148 in
404 3103 470 3150 sese
498 3089 635 3152 erectum
664 3087 840 3164 habentem,
868 3087 916 3153 ita
938 3091 975 3154 ut
1004 3091 1100 3154 etiam
1127 3088 1290 3155 cuiusdam
1311 3088 1493 3171 conloquiis

343 3192 434 3270 atque
457 3187 579 3254 consilii
601 3207 672 3254 cum
695 3190 819 3256 homine
833 3192 938 3273 posset
959 3191 1072 3257 babere
1093 3193 1293 3272 consortium,
1309 3192 1465 3257 sententia

444 3389 462 3443 4
480 3390 546 3446 aen.
565 3391 591 3456 a,
610 3396 624 3446 1
643 3391 738 3460 (axx)

394 3577 411 3630 2
429 3577 586 3631 deiaccionia
604 3576 630 3630 V
717 3593 844 3644 geneseus
860 3577 895 3632 V¹
982 3578 1063 3632 leccio
1079 3580 1105 3634 V
1192 3580 1210 3634 3
1227 3581 1346 3635 crededit
1362 3583 1404 3637 D¹

343 3665 359 3716 5
372 3663 470 3717 besteis
482 3663 575 3718 D¹W¹
658 3663 674 3716 6
687 3664 852 3733 intellegetis
868 3663 893 3718 V
972 3666 988 3719 ἵ
1000 3665 1076 3719 illam
1088 3681 1139 3720 ona
1150 3665 1181 3719 D
1262 3667 1295 3720 10
1306 3667 1467 3736 praeferetur

342 3747 440 3802 DPX¹
459 3751 612 3818 prenerstur
624 3750 652 3816 (i.
667 3766 689 3803 a.
704 3749 884 3820 praeberetur)
901 3750 923 3805 0
1014 3751 1112 3805 besteis
1123 3752 1216 3808 D¹lV¹
1305 3753 1431 3808 uocabolc
1446 3753 1470 3806 V

342 3835 384 3888 D¹
470 3833 562 3888 scribt.
580 3835 631 3888 VO
718 3837 747 3888 ll
762 3836 884 3903 angalom
895 3837 936 3890 D¹
1025 3836 1057 3890 13
1069 3837 1222 3891 hominihus
1237 3839 1284 3894 W¹
1372 3839 1467 3892 besteis

348 3919 477 3976 V¹D¹W¹
560 3921 591 3973 14
603 3920 715 3988 gabrieli
729 3921 851 3976 WOPX
946 3922 1012 3990 siue]
1025 3921 1070 3974 uel
1081 3923 1208 3978 DWOP
1286 3923 1429 3978 michaheli
1439 3923 1466 3977 D

344 4005 514 4060 mischeliO
600 4005 676 4060 nulli
696 4007 743 4062 W¹
830 4007 915 4074 possit
937 4007 1058 4063 VDWP
1141 4009 1172 4062 15
1191 4013 1347 4063 conuenerat
1363 4010 1404 4063 D¹

320 4091 376 4146 ·16
394 4090 537 4147 sonantO
625 4093 656 4146 18
674 4091 809 4160 deceperat
831 4091 859 4146 V
882 4092 1015 4161 deceperit
1031 4094 1113 4148 D¹P¹
1201 4075 1234 4150 19
1251 4097 1347 4148 existit
1369 4095 1407 4149 W

342 4177 450 4231 scilecet
466 4177 492 4231 V
576 4177 611 4231 20
625 4177 703 4230 illum
719 4178 756 4232 V¹
841 4181 980 4231 euocatum
998 4178 1061 4232 V¹P
1086 4180 1231 4235 necandum
1246 4180 1269 4236 0
1353 4181 1387 4235 23
1400 4179 1465 4248 quod

343 4264 425 4316 etiam
447 4262 488 4317 D¹
592 4263 625 4317 25
649 4279 704 4317 aeae
728 4267 847 4317 erectum
870 4263 936 4317 VX:
968 4280 995 4317 se
1013 4268 1130 4320 creatum
1151 4266 1181 4320 D
1209 4281 1266 4320 sese
1284 4267 1385 4320 rectum
1406 4264 1466 4320 WO

344 4349 372 4402 P
471 4349 505 4404 26
524 4349 608 4418 adque
631 4349 709 4404 VOP
811 4349 899 4417 possit
920 4348 1040 4406 VDWO
