3009 5200
429 444 590 501 Conlatio
613 444 706 510 VIIII,
729 445 837 501 15-18.
1131 450 1193 519 265

76 636 161 703 uolo
189 638 233 701 nt
259 636 326 701 nbi
353 654 422 720 ego
444 654 529 703 sum
557 640 597 701 et
623 635 701 717 ipsi
727 635 812 701 sint
841 652 1004 711 meeum,
1027 638 1069 701 ut
1091 637 1194 705 uide

76 744 139 806 ant
167 740 338 825 glorism
358 759 480 808 meam
503 758 614 823 quam
637 738 790 805 dedisti
812 739 927 823 mihi,
950 739 1002 805 uel
1025 743 1194 807 esttecum

74 843 165 909 dicit:
203 848 332 925 pater,
368 845 528 927 ignosce
564 843 635 909 sis:
680 860 755 907 nou
788 842 890 908 euim
931 845 1064 910 sciunt
1100 845 1194 927 quid

74 946 242 1011 faciunt
279 948 452 1029 grstiarum
479 948 562 1013 actio
589 951 637 1013 est
664 965 735 1013 cum
765 946 856 1013 cilcits
889 947 1087 1013 confiteor
1118 948 1224 1018 cibis

56 1052 203 1131 mater,
235 1048 392 1115 domine
428 1049 529 1116 caeli
561 1051 600 1116 st
631 1053 779 1125 terras,
816 1051 909 1134 qnia
941 1049 1193 1117 abscondisti

75 1152 169 1217 haec
202 1170 222 1217 a
250 1152 501 1233 sapientibus
533 1155 571 1217 et
603 1152 887 1239 prudentibus,
922 1155 962 1219 et
994 1154 1194 1221 reuelasti

74 1273 116 1319 ea
136 1255 330 1337 pernulis.
367 1256 429 1321 ita
450 1260 582 1339 pater,
605 1258 698 1338 quia
719 1256 1088 1341 sisinitplaoitum
1103 1260 1194 1323 ante

74 1363 128 1439 te,
144 1358 199 1423 uol
214 1359 298 1423 certe
311 1377 382 1423 cum
399 1358 491 1425 dicit:
506 1362 633 1441 pater,
649 1358 805 1444 gratiss
828 1378 897 1444 ago
919 1358 998 1425 tibi
1012 1360 1194 1443 quonism

74 1463 222 1528 sedisti
254 1481 321 1527 ms.
360 1479 431 1547 ego
464 1464 596 1528 autem
627 1463 798 1529 sciebam
831 1464 922 1545 quia
955 1481 1107 1546 semper
1138 1482 1194 1529 ms

47 1566 194 1630 caudis.
239 1583 319 1647 quas
356 1569 460 1631 tamon
492 1569 639 1649 quattuor
674 1566 938 1650 supplicationum
973 1584 1086 1651 genens
1122 1569 1193 1635 licet

74 1668 261 1750 singillatim
283 1687 318 1735 ac
341 1670 462 1735 diherso
483 1672 624 1753 tempore
645 1671 815 1737 secundum
838 1671 930 1737 illum
952 1688 1044 1753 quem
1066 1688 1193 1754 oonpre-

73 1771 236 1837 houdimus
265 1774 393 1839 modum
420 1772 503 1839 idem
530 1772 675 1840 dominus
696 1778 801 1840 noster
827 1774 1005 1840 distinxerit
1027 1774 1193 1851 offerenda,

73 1879 175 1939 amen
209 1875 304 1941 etiam
333 1876 430 1942 simul
458 1896 494 1941 ea
521 1879 556 1941 iu
581 1878 805 1960 supplicatione
832 1877 968 1959 perlecta
990 1878 1194 1960 conprehendi

73 1997 159 2061 posse
193 1979 366 2045 identidem
402 1980 468 2045 suls
503 1979 640 2045 ostendit
672 1981 830 2063 exemplis,
863 2000 918 2063 psr
952 1981 1040 2047 illam
1073 1980 1194 2047 seilicet

47 2083 244 2151 serationem
280 2102 375 2164 quam
410 2087 450 2149 ad
486 2084 581 2149 finem
621 2085 777 2167 euangelii
813 2086 986 2151 secundnm
1022 2084 1193 2150 Iohannem

72 2186 204 2268 legimus
241 2204 314 2250 eum
346 2185 557 2269 copiosissime
589 2186 772 2270 profudisse.
810 2207 846 2252 or
880 2189 966 2253 euius
999 2188 1087 2252 tsrtu
1120 2190 1224 2270 quia4

72 2290 199 2372 longum
222 2294 272 2353 est
292 2289 440 2353 uniuersa
461 2290 609 2371 poromri,
632 2290 767 2374 diligens
788 2290 955 2374 inquisitor
977 2289 1193 2356 haesitasses

72 2392 213 2457 lectionis
240 2393 340 2473 ipsius
361 2391 441 2455 serie
462 2394 577 2475 poterit
598 2393 730 2459 edoceri.
767 2412 861 2475 quem
891 2412 1015 2459 sensum
1038 2393 1194 2477 apostolus

72 2512 189 2577 quoquo
204 2494 238 2558 in
254 2494 389 2576 epistula
402 2494 442 2559 ad
457 2494 673 2577 Philippenses
695 2495 753 2561 has
769 2497 914 2577 quattuor
929 2494 1193 2579 supplicationum

46 2597 185 2681 species
210 2596 409 2680 eliquantum
430 2597 587 2665 inmutato
613 2616 731 2679 ponens
747 2597 854 2666 ordine
868 2597 1028 2666 euidenter
1044 2598 1194 2682 expressit

72 2701 266 2782 ostenditque
295 2701 407 2766 debere
437 2719 488 2765 sas
518 2719 750 2783 nonnumquam
774 2702 870 2766 simul
892 2705 949 2768 suh
969 2701 1077 2768 ardore
1100 2703 1193 2768 unius

71 2804 307 2888 supplicationis
327 2804 441 2884 offerri,
464 2807 512 2870 its
532 2805 653 2871 ditem:
680 2805 806 2869 sedin
829 2807 931 2870 omui
954 2805 1134 2872 oratione
1156 2811 1193 2871 et

71 2908 346 2972 obsecratione
381 2927 465 2973 cum
508 2908 733 2992 gratiarum
776 2907 934 2974 actione
970 2909 1193 2992 petitiones

72 3017 231 3076 uestrae
262 3013 516 3078 innotescant
548 3013 649 3094 spnd
674 3013 795 3078 deum.
832 3031 888 3096 per
910 3013 992 3094 quod
1014 3013 1115 3078 uoluit
1138 3031 1193 3079 nos

46 3112 103 3180 ain
123 3113 184 3180 hoc
205 3114 369 3195 specialius
391 3115 522 3192 erudire,
546 3116 626 3198 quod
649 3121 681 3180 st
702 3115 737 3180 in
759 3115 897 3180 orabons
920 3118 953 3180 et
974 3115 1007 3179 in
1022 3114 1193 3181 obsecrati·

73 3234 126 3280 ouo
148 3218 427 3301 gratiarumactio
449 3218 559 3283 debeat
581 3237 651 3284 cnm
673 3218 882 3301 postulatione
905 3217 1036 3283 misceri.

110 3319 232 3384 XVIII.
256 3319 344 3384 Haeo
366 3320 472 3402 itaque
494 3320 756 3404 supplicationum
778 3339 890 3404 genera
911 3320 1078 3388 sublimIor
1092 3321 1193 3387 adhuc

73 3423 170 3486 status
193 3439 231 3486 ac
251 3422 437 3504 praecelsior
451 3423 666 3505 subsequetur,
684 3426 737 3506 qui
751 3424 1013 3506 contemplatione
1029 3423 1191 3490 deisolius

73 3524 103 3587 et
122 3523 265 3589 camme
288 3527 397 3590 ardore
419 3524 579 3604 formatur,
603 3544 772 3609 perquem
796 3544 883 3591 mons
906 3525 939 3590 in
961 3525 1045 3592 illius
1068 3526 1191 3592 dilecti-

171 3659 330 3727 structe,
348 3661 384 3715 34
485 3662 571 3717 dms
589 3664 630 3729 11,
648 3663 751 3718 25-26
851 3662 944 3718 sloh.
964 3663 1004 3730 11,
1021 3663 1124 3720 41-42

74 3744 230 3802 loctloh.
249 3747 281 3800 17
384 3748 419 3801 22
435 3748 506 3804 Phil.
524 3749 585 3814 4,c

119 3867 199 3935 bqni
216 3868 355 3925 D'WOP
443 3870 459 3924 7
477 3874 540 3925 ants
558 3873 587 3925 te
605 3873 671 3926 bene
687 3871 818 3940 placitum
836 3871 866 3926 D
958 3873 987 3926 11
1008 3871 1191 3942 cumprehend.

72 3949 100 4003 D
192 3953 226 4007 12
242 3954 412 4010 distinererit
431 3957 496 4013 WP
593 3959 627 4012 14
643 3956 845 4013 idemtidsmO
946 3960 978 4012 15
996 3956 1075 4012 fldem
1093 3957 1124 4011 X

72 4039 214 4107 magelin
236 4040 278 4094 D¹
381 4041 503 4096 iohanem
524 4043 550 4098 V
575 4043 621 4098 ioh
636 4043 667 4097 D
699 4044 823 4098 ioannem
843 4044 867 4100 O
968 4045 1002 4098 16
1022 4043 1192 4113 profunditas

72 4121 112 4176 D¹
191 4127 319 4180 tertoD¹
410 4127 443 4181 17
455 4143 603 4196 percurrere
613 4128 708 4184 D'Xo
797 4130 946 4198 iuquisitnr
961 4131 994 4184 V¹
1088 4130 1120 4184 19
1136 4130 1191 4199 spi·

74 4211 138 4264 roob
153 4210 252 4266 D²Px
336 4211 422 4282 filipp.
438 4214 487 4269 VO
581 4215 617 4269 24
632 4218 699 4284 aput
718 4214 769 4270 ΟΡ
864 4215 899 4272 db
916 4217 944 4269 in
954 4217 1191 4284 postorstioneet

73 4309 119 4348 osc
143 4297 204 4354 DX
273 4299 343 4354 ,28
368 4298 541 4368 subsequitur
568 4300 653 4356 WPo
752 4301 787 4356 29
813 4301 988 4358 nonnoso
1088 4303 1117 4356 in
1141 4317 1189 4357 osa

78 4379 176 4437 VOPX
278 4383 423 4439 dilectione
441 4384 497 4441 ΟΧ
