3009 5200
286 412 351 477 444
678 409 842 465 Iohannis
860 410 1015 465 Cassiani

287 600 439 682 exsurget,
463 597 517 679 qui
538 616 600 662 uon
621 615 703 673 suae,
726 596 782 661 sed
812 597 918 663 fratris
948 599 1086 665 seruiens
1109 599 1264 667 uoluntati
1287 602 1409 667 domini

286 704 379 782 atquc
410 700 544 767 auctoris
577 700 625 766 sui
657 700 751 766 tuerit
784 702 926 767 imitator
959 701 1096 783 effectus,
1131 704 1185 785 qui
1211 705 1340 787 loquens
1369 724 1408 770 ex

286 823 413 889 persona
442 804 578 869 bominis
606 822 697 886 quem
725 804 853 889 gerebat
885 822 960 869 uon
993 806 1096 887 ueni,
1130 807 1242 889 inquit,
1271 807 1407 874 facero

285 908 530 973 uoluntatem
563 924 683 972 meam
715 907 781 972 sed
815 908 1060 974 uoluntatem
1088 910 1173 975 cius
1203 910 1267 993 qui
1294 912 1408 977 misit

255 1010 363 1076 bme?
384 1028 443 1094 quo
465 1010 570 1076 autem
593 1011 683 1075 modo
704 1011 807 1076 ullum
829 1011 1034 1077 contentionis
1056 1011 1198 1079 fomitem
1227 1014 1405 1093 suscitabit,
1430 1040 1445 1080 s

285 1113 338 1196 qni
365 1114 403 1179 dc
430 1112 648 1197 intellegentia
678 1132 714 1179 ac
746 1131 839 1179 seusu
867 1131 921 1179 suo
953 1132 1013 1180 non
1042 1116 1109 1181 tam
1138 1119 1259 1199 proprio
1288 1118 1406 1184 iudicio

284 1235 378 1299 quam
400 1217 506 1282 fratris
528 1219 650 1282 credere
673 1215 811 1283 decreuit
825 1218 966 1301 examini,
986 1236 1041 1301 pro
1057 1220 1123 1285 eius
1138 1220 1261 1286 scilicet
1275 1222 1406 1287 arbitrio

283 1320 335 1383 uel
363 1321 497 1401 probans
527 1338 583 1385 oua
611 1321 741 1385 inuenta
769 1319 821 1387 uel
842 1320 1011 1404 inprobam
1034 1325 1064 1387 ct
1087 1324 1302 1406 euangelicum
1323 1323 1406 1391 illud
1434 1363 1438 1371 ·

283 1421 330 1504 pii
352 1422 453 1487 cordis
468 1421 647 1487 humilitate
662 1439 897 1489 consummans:
920 1429 1185 1491 cerumtamen
1208 1444 1279 1491 non
1300 1429 1407 1493 sicut

284 1542 352 1609 ego
373 1523 462 1589 uolo
484 1525 550 1589 sed
572 1525 677 1591 sicut
698 1527 765 1591 tui
788 1526 842 1591 aut
865 1544 925 1609 qua
946 1528 1066 1593 ratione
1089 1528 1208 1612 aliquid
1230 1548 1290 1612 qno
1306 1530 1443 1595 froterio

283 1627 507 1695 maestificstur
528 1629 683 1708 admittet,
706 1628 761 1713 qui
782 1629 863 1695 bono
885 1630 969 1713 pacis
993 1630 1074 1697 nibil
1089 1630 1204 1697 iudicat
1221 1650 1291 1698 esse
1306 1633 1405 1716 preti-

284 1731 377 1810 osins,
408 1730 580 1797 dominicae
608 1731 694 1797 illius
723 1732 896 1798 commotius
925 1732 1107 1802 memoriam
1140 1753 1202 1800 non
1237 1735 1404 1801 amittens:

283 1835 322 1899 iu
344 1834 416 1899 hoc
438 1835 676 1917 cognoscent
698 1852 827 1900 omncs
858 1836 954 1917 quod
976 1837 1048 1901 mci
1070 1840 1168 1903 estis
1191 1837 1405 1920 discipuli,

283 1936 316 2001 si
346 1936 596 2002 dilectionem
624 1936 850 2003 habueritis
880 1938 1069 2024 inuicem,
1105 1958 1160 2021 per
1190 1957 1283 2022 quam
1313 1939 1406 2006 uelut

283 2037 411 2122 speciali
433 2038 592 2123 signaculo
613 2058 740 2124 gregem
764 2041 869 2107 onium
891 2059 1018 2107 suarum
1040 2043 1073 2107 in
1096 2042 1155 2107 hoo
1169 2043 1285 2108 mundo
1300 2043 1443 2113 uoluitrs

284 2140 427 2209 (thuistus
449 2142 573 2227 agnosci
595 2147 688 2225 atque
709 2143 768 2209 boc
789 2161 808 2208 a
832 2141 943 2209 ceteris
965 2146 1001 2209 ut
1016 2145 1062 2209 ita
1076 2144 1208 2210 dixerim
1224 2145 1406 2212 charactere

253 2244 438 2315 ddIsoemii
468 2263 529 2328 qna
555 2263 628 2309 uero
657 2262 695 2310 ex
724 2262 815 2311 causa
843 2246 894 2311 uel
922 2244 956 2311 in
985 2264 1017 2311 sc
1039 2247 1175 2329 recipere
1205 2247 1256 2313 uel
1284 2248 1318 2313 in
1341 2247 1405 2314 alio

282 2349 417 2415 residere
439 2365 598 2414 rancorem
620 2346 770 2413 tristitiae
794 2347 969 2428 sustinebit,
986 2348 1036 2415 oui
1061 2368 1184 2415 summa
1198 2349 1338 2417 definitio
1354 2356 1404 2416 est

282 2450 470 2527 iracundiae,
500 2468 577 2533 quac
606 2448 781 2531 perniciosa
802 2451 834 2516 et
856 2448 978 2517 inlicita
1000 2454 1057 2533 est,
1079 2454 1177 2519 butas
1200 2470 1310 2519 causas
1334 2472 1405 2519 esse

281 2574 344 2623 nou
372 2573 469 2639 posse,
499 2553 666 2637 eodemque
695 2573 727 2620 se
756 2554 847 2620 modo
876 2557 1076 2622 succensente
1108 2556 1169 2622 sibi
1198 2556 1295 2624 fratre
1317 2574 1442 2628 crarcso

281 2677 343 2726 uon
376 2678 475 2743 posse,
508 2677 568 2743 quo
598 2661 626 2724 si
654 2658 747 2725 fratri
776 2676 832 2724 suo
861 2660 926 2743 ipse
955 2665 1142 2736 suscenseat,
1173 2660 1263 2727 illam
1284 2660 1405 2726 domiui

281 2762 447 2830 saluatoris
468 2761 582 2826 humili
603 2779 725 2844 semper
740 2763 878 2828 retinens
892 2765 981 2830 cordo
997 2765 1204 2830 sententiam:
1226 2763 1260 2829 si
1281 2763 1404 2830 offers

282 2885 419 2931 munus
453 2865 563 2931 tuum
595 2867 640 2931 ad
673 2865 818 2945 altare,
853 2869 890 2932 ct
923 2865 983 2932 ibi
1014 2867 1246 2933 recordatus
1277 2866 1404 2932 fucris

282 2970 381 3052 qnod
405 2969 532 3034 irater
553 2969 644 3034 tuus
667 2968 789 3035 habet
811 2968 963 3051 aliquid
986 2970 1260 3050 aduersamtc,
1276 2970 1404 3035 reliu-

281 3088 352 3154 quc
388 3069 444 3135 ibi
480 3090 619 3136 munus
663 3076 771 3137 tuum
808 3071 853 3136 ad
890 3072 1036 3155 altare,
1075 3076 1112 3138 et
1150 3073 1249 3139 uude
1285 3071 1442 3155 prius„

281 3172 546 3240 reconciliare
595 3173 712 3239 tratri
756 3177 839 3258 tuo,
884 3176 923 3238 ct
964 3174 1023 3239 stc
1071 3176 1232 3242 ueniens
1274 3175 1403 3242 offers

252 3277 418 3343 Imunus
439 3275 569 3343 tuum?
590 3276 670 3342 nibil
692 3277 776 3342 enim
798 3279 936 3361 proderit
957 3277 985 3343 si
1006 3283 1039 3345 tc
1061 3278 1186 3362 quidem
1200 3279 1325 3346 adseras
1340 3297 1405 3347 non

281 3377 374 3446 irasci
402 3379 436 3444 et
464 3383 569 3446 credas
590 3383 622 3446 te
645 3380 722 3446 illud
744 3379 863 3462 inplere
889 3383 1072 3447 mandatum
1094 3399 1154 3464 quo
1178 3382 1309 3448 dicitur:
1342 3382 1404 3449 sol

384 3563 479 3618 ens.
497 3565 523 3631 6,
540 3565 575 3620 as
676 3565 760 3619 eus
778 3565 821 3630 as,
839 3565 873 3621 ac
976 3566 1083 3621 131011.
1102 3567 1144 3636 13,
1162 3567 1197 3624 as
1299 3567 1333 3622 aa
1350 3567 1403 3623 ne

281 3646 429 3713 saa-24
530 3649 564 3704 aa
580 3649 649 3719 sps.
666 3649 693 3716 4,
710 3651 744 3704 ac

333 3818 346 3872 l
365 3818 516 3886 exurgatO
617 3819 635 3872 3
652 3818 747 3887 inquid
766 3820 792 3872 0
880 3820 899 3873 4
915 3835 957 3874 ma
975 3821 1048 3876 misit
1065 3822 1091 3874 0
1175 3823 1191 3876 5
1210 3823 1293 3879 ullius
1311 3825 1337 3878 I'

280 3903 298 3957 6
315 3905 407 3957 tamm
423 3902 463 3956 Πι
554 3904 587 3958 11
605 3903 730 3959 admittit
747 3906 773 3956 T
861 3919 913 3974 quc
930 3906 970 3956 Πι
1062 3907 1095 3960 12
1112 3907 1160 3962 illc
1176 3908 1216 3960 11¹
1311 3909 1343 3963 18
1360 3908 1405 3964 di-

280 3989 377 4059 soIpuli
389 3989 454 4044 cetis
472 3991 497 4041 I'
581 3990 614 4043 14
630 3989 660 4043 in
671 3990 787 4045 inuicem
805 3991 858 4044 ΤΟ
944 3992 987 4046 uel
1003 3992 1043 4046 Πι
1070 3992 1151 4047 uclud
1168 3995 1195 4045 b
1280 3994 1313 4049 16
1330 4010 1404 4052 ωοο-

280 4075 346 4129 tatis
359 4076 384 4126 Y
466 4076 596 4129 caractere
606 4076 694 4129 M'O
787 4077 819 4131 18
831 4076 979 4132 amtenebit
990 4079 1029 4130 ΠΙ
1119 4079 1337 4148 lnocinium

280 4159 316 4214 20
332 4163 512 4216 smoeusemm
528 4162 560 4213 Π
642 4162 752 4217 tratrem
769 4163 800 4214 Π
881 4165 916 4220 22
927 4165 1045 4220 reducas
1057 4179 1159 4234 semper
1174 4167 1203 4219 Σ
1288 4167 1324 4222 24
1341 4181 1404 4222 cou-

281 4247 326 4300 tra
342 4247 369 4297 ‘I‘
457 4245 493 4301 26
508 4247 674 4302 reconcibari
691 4249 813 4304 amno
906 4249 972 4305 offer
989 4251 1039 4307 lIo
1064 4250 1157 4308 offensa
1173 4253 1199 4304 I'
1291 4250 1326 4306 27
1339 4257 1404 4322 post

281 4333 361 4386 mum
377 4332 410 4385 ta
426 4334 452 4384 Τ
466 4337 519 4388 eet:
543 4332 613 4388 VIII
714 4333 750 4388 28
767 4335 831 4388 illut
846 4335 940 4404 Π·(Σ)
