3009 5200
255 370 321 437 520
640 367 809 423 Iolrounis
830 367 991 424 Cassiani

256 557 379 623 constat
407 556 579 640 patientem
608 557 806 640 pronuntiari
834 558 994 624 neminem
1022 577 1111 642 posse
1137 560 1202 626 nisi
1223 578 1305 637 eum,
1326 558 1385 642 qui

258 658 404 725 uniuersa
417 677 497 742 quae
510 660 572 725 eibi
587 659 705 725 fuerint
720 660 865 743 inrogata
874 662 992 744 abeqm
1002 662 1218 746 indignatione
1228 662 1382 729 tolerarit

258 764 292 827 et
312 762 382 828 ideo
404 782 464 829 non
485 763 668 830 inmeritos
689 763 855 831 Salomone
877 765 1040 833 laudatur:
1062 768 1207 833 melior
1226 766 1382 849 patiens

258 865 380 943 forte,
416 866 456 930 ct
488 866 554 948 qui
588 867 768 933 continet
802 867 905 934 iram
940 870 1131 952 capiente
1166 869 1316 948 urbem,
1348 870 1384 933 et

257 968 388 1033 iterum:
421 968 675 1051 longanimus
704 970 807 1036 enim
835 971 899 1036 uir
926 972 1072 1037 nimius
1092 972 1132 1037 in
1153 971 1420 1054 prudentie,e

228 1070 542 1155 3pnsillsuimus
572 1076 701 1137 nutem
731 1072 849 1138 uelde
876 1072 1074 1157 insipiens
1102 1074 1171 1139 eet.
1210 1090 1282 1138 cum
1310 1092 1384 1157 ergo

258 1174 329 1258 quis
361 1174 466 1239 nictus
499 1174 610 1241 iniuria
639 1173 818 1242 iracundiae
850 1176 922 1261 igue
952 1176 1158 1253 succenditur,
1191 1194 1252 1241 non
1289 1194 1384 1243 musa

258 1277 380 1361 peccati
410 1278 477 1343 eine
505 1278 659 1343 acerbiter
689 1278 807 1345 mane
835 1280 1044 1347 contumeliae
1072 1280 1212 1345 extitisse
1234 1280 1385 1347 medenda

259 1383 318 1460 est,
348 1380 402 1446 sed
431 1380 535 1464 potius
565 1380 779 1447 manifestetio
808 1381 1004 1448 infirmitatis
1034 1384 1184 1463 occultae,
1213 1384 1385 1449 secundum

260 1484 351 1549 illam
379 1484 559 1569 parobolam
587 1484 707 1549 domini
734 1484 900 1551 saluatoris
921 1504 1015 1568 quam
1037 1486 1076 1551 do
1097 1488 1218 1553 duobus
1239 1486 1384 1552 domibus
1393 1512 1421 1551 ιο

258 1587 357 1672 ponit,
393 1606 455 1653 une
487 1606 565 1671 quae
596 1586 728 1653 lundata
760 1592 828 1653 erat
861 1607 953 1673 super
984 1592 1107 1671 potrum
1139 1592 1172 1654 et
1204 1590 1270 1654 alia
1302 1608 1384 1673 quae

260 1710 353 1776 super
373 1689 531 1770 menam,
558 1691 671 1775 quibos
693 1691 866 1775 aequaliter
881 1692 958 1759 dicit
972 1694 1151 1777 pluuiarum
1167 1712 1203 1759 ac
1217 1692 1383 1759 fluminum

260 1795 313 1860 uel
333 1798 558 1878 tempestatum
578 1795 722 1862 turbines
752 1796 899 1861 inruisse:
933 1797 987 1861 eed
1009 1796 1101 1862 illam
1122 1815 1201 1879 quse
1221 1797 1257 1861 in
1276 1801 1384 1879 petrae

260 1895 418 1963 soliditate
440 1898 572 1963 fundate
592 1898 670 1964 nihil
692 1900 816 1983 ponitus
844 1899 1027 1965 detrimenti
1041 1918 1079 1965 er
1092 1899 1150 1965 illa
1164 1902 1230 1964 tum
1245 1900 1384 1965 uiolenta

261 2000 428 2067 conlisione
450 2002 589 2080 sensisse,
612 2022 690 2085 queo
713 2020 787 2068 uero
808 2005 841 2067 in
855 2002 1044 2067 harenarum
1058 2002 1193 2086 pendula
1206 2002 1422 2068 mobilitatem

261 2108 438 2170 constructa
460 2107 508 2171 eet
529 2105 637 2171 stetim
660 2106 756 2171 fuisse
785 2106 973 2189 conlapsam.
1011 2124 1104 2189 quam
1127 2108 1234 2189 utique
1254 2107 1385 2189 apparet

260 2226 322 2273 non
353 2211 516 2292 propterea
545 2212 710 2289 corruisse,
742 2210 818 2292 quia
846 2208 996 2275 imbrium
1018 2208 1072 2274 uel
1092 2213 1268 2275 torrentum
1288 2210 1383 2274 inun-

261 2310 389 2378 datione
410 2313 546 2396 puleelu,
570 2315 626 2379 sed
648 2314 722 2397 quia
748 2332 840 2396 super
861 2313 1011 2379 herenam
1029 2313 1230 2398 inprudenter
1244 2315 1385 2378 extructa

230 2416 317 2483 lest.
355 2434 417 2485 non
446 2417 529 2482 euim
557 2417 591 2481 iu
621 2418 679 2484 hoc
706 2418 814 2484 differt
840 2435 858 2482 a
887 2419 1047 2499 peccatore
1074 2416 1125 2481 uir
1153 2416 1289 2496 sanctus,
1311 2414 1386 2497 quia

262 2537 324 2585 nou
351 2519 499 2585 similiter
529 2524 561 2585 et
590 2521 656 2604 ipse
678 2521 860 2606 temptetur,
889 2520 942 2585 sed
971 2520 1045 2603 quia
1072 2518 1126 2584 hio
1152 2519 1248 2584 etiam
1271 2535 1419 2604 magnam

261 2623 486 2707 inpugnatione
508 2642 568 2690 nou
591 2624 739 2702 uincitur,
762 2623 819 2689 ille
836 2626 940 2689 autem
956 2624 1054 2689 etiam
1068 2641 1163 2706 parua
1178 2621 1385 2703 temptatione

263 2729 435 2812 superatur.
472 2746 572 2810 neque
600 2731 684 2794 enim
714 2729 795 2792 esset
824 2730 861 2792 ut
887 2727 1022 2793 diximus
1050 2725 1128 2791 iusti
1159 2726 1292 2791 alicuius
1325 2725 1387 2790 uiri

263 2829 432 2895 laudabilis
453 2830 613 2915 fortitudo,
636 2831 663 2896 ei
685 2831 823 2896 uinceret
837 2830 1056 2912 intemptatae,
1072 2847 1146 2895 cum
1160 2831 1268 2912 utique
1283 2830 1387 2895 locum

264 2933 395 2999 uictoria
426 2933 541 2999 hebere
575 2952 637 3000 non
670 2935 767 3018 possit
801 2936 916 3017 absquo
951 2931 1143 2999 aduersitate
1169 2933 1386 2998 certaminum.

305 3239 339 3295 24
365 3153 479 3209 3Prov.
499 3153 540 3221 16,
558 3155 592 3208 32
611 3151 705 3221 (Lxx)
808 3153 862 3208 51.
881 3170 903 3208 c.
923 3153 965 3217 14,
983 3151 1018 3207 29
1036 3151 1128 3219 (LXX)
1236 3151 1269 3206 10
1286 3149 1319 3205 ci.
1336 3149 1388 3205 iit

264 3242 288 3305 7,
351 3255 409 3312 sqq.

316 3446 334 3500 2
350 3447 474 3502 tolerarit
491 3445 542 3501 13¹2
570 3447 728 3502 tolereuerit
744 3447 805 3504 roll.
821 3463 838 3502 o
856 3446 892 3514 cf.
904 3461 964 3515 cop.
976 3449 1048 3512 11,5
1141 3445 1159 3500 8
1175 3461 1193 3499 a
1209 3443 1276 3500 BF:
1302 3443 1344 3497 ita
1360 3445 1389 3497 st

266 3534 327 3591 oO
355 3535 396 3588 ita
412 3550 429 3591 u
445 3532 526 3591 ΒΚυ
626 3532 762 3588 solomone
779 3533 807 3589 Β
835 3532 970 3588 summoue
987 3533 1018 3584 K
1117 3530 1222 3586 diocte
1237 3527 1388 3585 FOB'P:

266 3619 564 3690 lortiB(i)R¹K'cs.
583 3619 736 3686 x11,c,o
838 3619 960 3689 capiente
982 3617 1026 3672 K:
1055 3617 1173 3688 capienti
1194 3617 1224 3670 B
1250 3614 1338 3685 capiet
1360 3613 1391 3669 F

270 3707 323 3765 ΟΒ
424 3707 621 3775 blongcnimis
643 3705 716 3762 Olio
818 3705 891 3760 euim
907 3721 960 3760 oso.
982 3703 1083 3760 OBKc
1098 3702 1135 3770 cs.
1152 3701 1235 3768 XVI,
1244 3704 1321 3766 izo

267 3793 284 3848 6
302 3792 484 3862 pusillanimis
501 3792 551 3848 Ro
653 3807 715 3861 qum
738 3791 762 3848 Ο
862 3791 878 3844 'i
897 3791 957 3861 igni
974 3791 1002 3846 Β
1105 3787 1278 3844 succenditur
1293 3785 1325 3843 F

266 3881 283 3934 8
306 3880 439 3936 aceruitnr
464 3878 532 3935 ΒΨ
631 3877 766 3933 exstitisse
788 3877 822 3932 Κ
922 3876 956 3930 10
976 3875 1135 3945 parabolam
1154 3874 1182 3929 Β
1285 3875 1317 3928 11
1336 3887 1390 3928 uus

270 3967 306 4022 0:
335 3981 415 4020 unam
432 3965 490 4021 reti
592 3965 674 4018 sliam
691 3963 770 4019 codd.
874 3964 905 4016 12
926 3977 1035 4016 erenum
1052 3959 1186 4017 BOR¹K¹
1289 3959 1322 4015 13
1339 3959 1389 4014 illa

266 4053 297 4108 F
402 4051 436 4106 14
456 4050 569 4106 fundato
591 4049 728 4106 B¹FRK:
757 4048 872 4104 iundnta
894 4051 936 4101 est
958 4047 1048 4103 B’Oo
1154 4051 1200 4101 tue
1222 4044 1387 4114 detrimenti]

266 4139 310 4193 hic
326 4139 428 4206 incepit
444 4137 472 4192 Z
555 4137 588 4191 lo
606 4149 748 4190 arenarum
764 4133 969 4190 B¹FOB¹K¹Z
1055 4132 1088 4188 11
1105 4131 1179 4202 qnia]
1196 4131 1269 4200 quod
1283 4131 1317 4184 ior
1333 4145 1388 4185 rus.

268 4241 303 4279 m.
322 4222 399 4278 2132
425 4239 476 4278 oors
494 4223 525 4278 F
618 4223 755 4291 ymbrium
774 4221 801 4277 Β
904 4221 938 4276 18
955 4220 1063 4290 pulsata
1084 4217 1170 4288 0de
1198 4216 1333 4286 pulsatam
1349 4215 1387 4271 Β1

269 4309 299 4364 F
323 4310 430 4379 pulsata
447 4309 484 4363 rit
501 4307 541 4363 Βἱ
643 4324 752 4363 erenum
769 4307 878 4363 B¹K¹Z
905 4323 986 4362 arena
1007 4306 1031 4362 O
1131 4301 1270 4372 omens
