3009 5200
466 446 627 501 courcero
650 444 869 517 xrr1,aa-an
1166 450 1231 523 tea

104 635 143 699 ut
172 652 208 700 aa
237 654 316 720 quae
345 634 443 715 licito,
471 637 569 701 immo
596 637 693 703 etiam
721 636 924 704 landabiliter
956 656 1028 704 cnm
1058 640 1232 727 gratiarnm

106 738 231 804 actione
253 756 450 822 praesumere
471 740 633 824 potuisset,
656 741 683 807 si
704 740 874 807 necessitas
893 740 1029 808 fortuma
1049 746 1230 829 conpulerit,

105 840 193 907 uelut
225 842 433 925 transgressor
462 842 621 924 percipere
650 843 846 926 conpellatm
874 860 946 909 cum
967 846 1234 927 praeuaricatione

104 945 236 1028 pcccati.
274 944 340 1008 nbi
363 944 467 1011 onim
490 962 561 1010 non
583 945 643 1012 est
664 945 743 1025 lex,
766 965 835 1012 nec
855 948 1166 1029 praeuaricatio.

81 1174 96 1214 c
147 1150 217 1214 Hac
249 1149 425 1216 beatissimi
457 1150 569 1233 Ioseph
601 1150 801 1217 institutione
840 1152 934 1233 atque
966 1152 1110 1219 doctrina
1142 1154 1265 1221 uelut?

104 1237 217 1317 diuino
237 1252 360 1318 oraonlo
384 1252 559 1319 confirmati
582 1252 613 1318 in
637 1242 782 1339 Aegypte
804 1254 939 1321 residere
961 1256 1142 1322 maluimus.
1176 1258 1232 1323 sed

104 1354 180 1421 licet
203 1374 317 1441 parum
339 1356 485 1443 deinceps
516 1356 554 1422 de
576 1358 682 1423 nostra
708 1376 846 1425 essemus
867 1358 1072 1443 promissione
1094 1361 1232 1446 solliciti,

103 1462 211 1525 tamen
241 1461 362 1543 expleto
391 1464 511 1544 septem
540 1479 693 1527 annornm
722 1480 851 1529 numero
873 1464 1069 1545 sponsionem
1091 1465 1234 1532 nostram

103 1564 265 1646 gratanter
300 1562 510 1649 impleuimns.
568 1570 765 1631 exonerantes
803 1584 937 1649 namque
975 1568 1014 1632 ad
1050 1568 1232 1634 coenobium

68 1669 247 1733 ronostrum
275 1666 332 1733 illo
361 1670 425 1734 iam
455 1673 602 1751 tempore,
632 1686 692 1753 qno
722 1672 762 1735 de
791 1671 976 1755 inpetrando
1003 1671 1045 1736 ‘ad
1070 1670 1233 1737 heremum

104 1769 207 1835 reditu
229 1771 377 1837 fiduciam
399 1773 596 1856 gerebamus,
612 1772 749 1857 primum
765 1774 938 1839 senioribus
952 1774 1068 1840 nostris
1083 1776 1232 1840 bonorem

104 1872 248 1940 debitum
280 1876 448 1942 soluimus:
479 1876 588 1943 deinde
624 1878 738 1945 animis
772 1895 889 1954 eornm,
921 1877 977 1959 oni
998 1896 1054 1959 pro
1086 1877 1236 1944 emistis

103 1978 213 2044 ardore
243 1980 438 2044 creberrimis
466 1980 646 2045 litterarum
676 1983 856 2045 nostrarum
881 1979 1153 2047 satisfactionibus
1174 1999 1231 2046 ne·

104 2100 260 2166 qusquam
276 2081 400 2149 fuerant
416 2083 556 2161 deleniti,
574 2083 740 2165 pristinam
756 2084 1038 2167 redintegranimne
1055 2083 1229 2164 caritatem,

68 2186 291 2269 rstandemque
320 2186 360 2251 ad
389 2188 518 2269 plenum
547 2188 655 2253 aculco
680 2189 804 2253 nostrae
826 2188 1000 2272 sponsionis
1023 2186 1132 2253 annlso
1154 2188 1231 2269 ipsis

104 2308 224 2373 quoqne
254 2308 325 2356 cum
355 2290 470 2375 gaudio
498 2292 761 2374 prosequentibus
791 2292 831 2357 ad
853 2291 1032 2359 Scitioticae
1055 2290 1231 2356 solitudinis

103 2395 224 2459 secreta
245 2392 463 2460 remeanimns.

145 2687 236 2750 Hanc
266 2683 365 2758 nobis,
388 2701 405 2748 o
427 2681 529 2748 sancti
560 2683 682 2762 fratrae,
712 2682 894 2747 inlustrium
916 2687 1043 2766 patrum
1066 2683 1260 2755 scientinm3

103 2792 197 2870 atqua
228 2787 401 2851 doctrinam
431 2787 537 2851 nostra
565 2788 601 2850 nt
630 2785 734 2868 potnit
756 2785 952 2851 elucubranit
974 2786 1113 2852 inscitia:
1137 2805 1229 2869 qnam
1309 2784 1314 2792 '

67 2889 231 2956 seniensi
254 2889 392 2954 incultus
415 2889 545 2954 forsitan
568 2907 668 2954 sermo
691 2887 834 2953 confudit
855 2888 959 2970 potins
980 2907 1074 2971 qnam
1089 2889 1230 2973 digessit,

103 3012 217 3076 quaeso
250 3012 289 3057 ne
327 2991 453 3057 landem
489 2992 662 3074 insignium
698 2993 839 3056 uirorum
875 2993 1071 3075 reprehensio
1107 2997 1231 3059 nostrae

103 3095 294 3160 rusticitatis
318 3097 457 3160 eunonot.
491 3094 593 3159 tntins
614 3093 769 3176 siquidem
792 3094 882 3159 nobie
904 3096 939 3160 in
954 3100 1118 3178 conspectu
1133 3098 1231 3162 nostri

106 3199 218 3264 iudicis
241 3199 346 3264 nisum
368 3201 416 3263 est
438 3197 596 3263 doctrinae
625 3197 717 3262 huius
743 3199 1007 3282 magnificentiam
1030 3199 1082 3263 nel
1103 3199 1231 3264 incultis

105 3303 298 3367 sermonibus
332 3301 459 3384 prodere
495 3318 590 3382 qnam
627 3300 728 3379 silere,
766 3302 879 3384 qnippe
911 3321 983 3366 cnm
1016 3306 1048 3365 et
1079 3303 1231 3383 profectui

68 3405 237 3487 alectoria,
275 3406 303 3469 si
340 3403 566 3470 sublimitatem
600 3421 749 3468 sensnum
785 3406 1020 3487 contempletur,
1058 3404 1116 3470 hoc
1149 3405 1230 3486 qnod

104 3508 253 3592 inperitia
275 3507 374 3572 nostri
397 3507 549 3571 sermonis
572 3505 740 3572 offenditur
763 3507 869 3571 obesse
892 3524 954 3571 non
968 3507 1076 3590 possit,
1094 3509 1126 3572 st
1140 3507 1231 3572 nobis

205 3738 223 3790 4
240 3735 316 3790 Rom.
333 3737 360 3801 4,
380 3737 412 3791 15

154 3953 224 4006 5ao
247 3957 274 4005 Σ
300 3951 347 4005 hoc
371 3951 396 4006 Ο
498 3950 564 4004 haec
587 3949 737 4004 beatissimi
757 3949 851 4017 ioseph
869 3951 929 4017 cxpl
947 3949 1063 4002 conlatio
1080 3946 1230 4001 definiendo

102 4039 143 4104 Π,
171 4039 203 4092 ios
225 4054 278 4107 qao
297 4038 363 4106 plns
385 4053 468 4106 guam
492 4035 610 4090 dimidio
627 4050 696 4103 poro
715 4035 838 4105 popinae
854 4035 961 4102 prioris
978 4035 1042 4099 folii
1058 4038 1112 4088 120
1130 4038 1156 4088 ct
1172 4037 1230 4088 tom

99 4125 211 4194 popius
227 4125 362 4193 posterior
378 4138 484 4177 nonme
501 4127 567 4176 sunt
583 4121 695 4175 relictae
795 4121 812 4174 6
828 4121 964 4173 noluimus
983 4120 1010 4170 Σ
1113 4119 1146 4172 13
1163 4116 1230 4171 ocle-

103 4210 226 4264 bcrrimis
254 4211 279 4262 Ο
401 4210 433 4262 14
459 4207 698 4274 retintegrauimue
726 4207 754 4257 Σ
870 4206 905 4258 lb
930 4203 1108 4273 responsionis
1134 4205 1162 4254 Σ

105 4295 137 4349 19
164 4295 331 4350 elucrnbanit
358 4296 385 4346 Σ
496 4293 529 4346 22
555 4292 641 4346 totins
667 4292 692 4344 Ο
802 4291 836 4345 24
862 4307 944 4360 qnnrn
971 4292 996 4344 0
1107 4289 1142 4346 25
1168 4304 1231 4344 con·

103 4381 281 4450 plectetan

1074 4482 1129 4535 32⁸
