3009 5200
261 378 327 443 574
656 376 824 431 Iohannis
841 376 998 430 Cassiani

262 566 322 631 boc
354 565 408 630 uel
440 566 588 631 meritum
619 565 681 629 uiri
714 566 765 629 uel
793 564 896 647 gratia
923 564 1099 629 euidentius
1129 567 1244 647 poterit
1281 570 1389 649 patere

261 668 379 733 lectori
411 668 464 732 bic
491 668 591 751 igitur
618 667 796 733 adulescens
826 668 991 731 admodum
1013 670 1178 751 pareutum
1200 668 1305 734 studio
1326 672 1388 733 im·

258 772 405 855 perioque
419 790 550 837 oonerus
564 772 614 835 est
626 772 751 835 uinoulo
767 770 933 853 coniugali.
956 788 1029 833 nam
1043 771 1118 836 dum
1131 770 1303 853 pudicitiae
1318 771 1386 836 eius

260 873 406 956 religiosa
432 874 599 938 sedulitate
627 872 820 957 prospiciunt
846 876 879 937 et
906 873 1074 955 ancipitem
1096 874 1219 957 lapsum
1247 875 1386 939 lubricae

259 982 408 1041 narentur
442 978 567 1052 aetatis,
604 975 846 1060 praeueniendoa
884 974 1117 1041 adulescentiae
1154 980 1258 1041 motus
1295 976 1425 1043 licitos

229 1078 441 1160 inuptiarum
473 1079 610 1144 remedio
640 1078 846 1143 crediderunt
885 1097 957 1143 cum
985 1097 1056 1163 ergo
1085 1076 1137 1142 bic
1165 1079 1257 1143 unius
1288 1080 1387 1143 lustri

259 1186 382 1263 tempus
403 1199 476 1245 cum
498 1184 627 1263 coniuge
647 1180 828 1267 peregisset,
858 1181 945 1246 uenit
967 1180 1007 1245 ad
1030 1181 1179 1247 abbatem
1200 1181 1384 1263 Iohannem,

258 1284 312 1367 qui
339 1286 417 1347 tuuc
444 1284 592 1367 temporis
619 1285 730 1348 merito
759 1284 857 1348 mirae
881 1284 1059 1348 sanctitatis
1083 1282 1202 1349 electus
1224 1284 1385 1351 diaconiae

256 1385 463 1468 praesidebat.
507 1406 569 1451 uon
604 1386 688 1450 enim
724 1386 766 1451 ad
802 1386 884 1451 buno
921 1386 1054 1471 mum
1090 1386 1223 1470 quilibet
1259 1388 1386 1472 propria

256 1490 420 1557 uoluntate
446 1496 503 1557 aut
531 1490 701 1557 ambitione
728 1492 919 1575 prouebitur,
949 1492 1003 1557 sed
1030 1493 1172 1575 isquem
1200 1498 1384 1557 cunctorum
1395 1516 1424 1554 ro

257 1594 413 1660 seniorum
441 1598 545 1660 coetus
572 1594 687 1659 aetatis
714 1594 933 1679 praerogatiua
954 1596 987 1660 et
1008 1593 1080 1659 fidei
1110 1598 1205 1677 atque
1226 1596 1385 1661 uirtutum

256 1698 436 1764 testimonio
463 1696 714 1764 excellentiorem
743 1698 887 1763 omnibus
913 1696 1191 1781 sublimioremque
1214 1700 1383 1764 censuerit.

227 1800 295 1866 iad
328 1799 421 1879 buno,
457 1802 596 1883 inquam,
633 1800 759 1866 beatum
794 1800 963 1867 Iobaunsm
1000 1819 1072 1865 oum
1108 1800 1177 1884 piae
1210 1800 1385 1867 deuotionIs

256 1900 360 1968 studio
392 1903 569 1987 praedictus
601 1906 677 1969 tuno
710 1902 833 1967 iuuenis
864 1906 1041 1969 aduenisset
1070 1902 1207 1967 deferens
1236 1902 1384 1986 religIosa

256 2004 387 2071 donaria
415 2007 499 2071 inter
527 2008 644 2071 ceteros
672 2024 874 2091 possessores,
907 2008 960 2089 qui
993 2006 1137 2070 certatim
1169 2004 1305 2071 decimas
1332 2006 1423 2073 uelis

256 2108 412 2193 primitias
439 2108 567 2195 frugum
595 2127 723 2173 suarum
751 2112 921 2173 memorato
949 2108 1016 2174 seni
1044 2107 1082 2172 de
1111 2106 1176 2173 suis
1199 2109 1384 2173 substantiis

255 2211 437 2293 offerebant,
460 2210 642 2293 uideretque
664 2231 715 2277 eos
737 2229 831 2276 senex
857 2230 928 2276 oum
953 2212 1061 2276 multis
1082 2210 1122 2275 ad
1144 2228 1177 2275 se
1198 2209 1383 2276 munoribus

256 2313 440 2381 confluxisse
454 2321 486 2378 et
501 2313 660 2380 deuotioni
675 2332 783 2378 eorum
801 2312 1050 2379 uicissitudinem
1065 2316 1192 2397 cuperet
1207 2330 1381 2397 repensare,

256 2418 359 2501 coepit
387 2418 432 2483 eis
460 2417 631 2482 secundnm
659 2417 835 2500 apostolum
865 2416 1022 2498 spiritalia
1053 2414 1217 2499 seminare,
1246 2432 1379 2499 quorum

256 2521 397 2587 metebat
423 2520 506 2585 dona
533 2520 679 2585 earnalia
717 2520 850 2602 denique
878 2520 924 2585 ita
953 2537 1127 2585 sermonem
1154 2518 1420 2587 adhorationes

257 2625 407 2690 instituit

298 2746 340 2812 II.
356 2746 500 2811 Delector
513 2745 650 2827 quidem,
666 2760 684 2809 o
699 2742 768 2822 filii,
783 2743 836 2827 pia
849 2747 1026 2809 uestromm
1042 2762 1207 2810 munerum
1221 2745 1380 2829 largitate,

257 2851 289 2914 et
311 2849 507 2914 deuotionem
529 2847 623 2914 huius
644 2848 822 2928 oblationis,
846 2847 935 2914 cuins
957 2847 1146 2932 dispensatio
1168 2847 1248 2916 mibi
1263 2848 1381 2913 credita

256 2953 312 3029 et,
342 2954 503 3034 gratanter
533 2951 713 3034 amplector,
744 2951 819 3036 quia
847 2949 981 3017 fideliter
1010 2951 1167 3034 primitias
1195 2951 1316 3017 nostras
1343 2968 1381 3015 ae

257 3052 394 3120 decimas
416 3054 612 3138 indigentum
627 3053 738 3120 usibus
752 3054 933 3138 profuturas
949 3053 1037 3119 uelut
1051 3051 1237 3119 sacrificium
1252 3051 1380 3119 domino
1390 3077 1418 3118 aa

256 3155 353 3222 bonae
374 3157 541 3223 suauitatis
557 3156 689 3239 offertis,
715 3156 828 3222 harum
843 3157 966 3222 scilicet
979 3153 1137 3222 oblatione
1151 3156 1381 3240 plenitudinem

256 3277 376 3342 quoque
407 3259 567 3325 ductuum
597 3260 822 3344 uniuersaequo
856 3259 1050 3327 substantiae
1084 3263 1216 3341 nasum,
1251 3277 1288 3324 ex
1316 3276 1380 3341 qua

358 3487 553 3546 lectitet.
571 3489 598 3554 9,
617 3489 648 3543 ll

305 3701 496 3758 taduliaoeua
516 3702 600 3757 B¹K¹
629 3700 776 3758 adolieoeus
800 3701 865 3755 B’Z
892 3701 1004 3756 adolese.
1026 3701 1068 3754 K*
1176 3697 1329 3756 ammodum
1353 3699 1381 3753 B

254 3788 286 3844 F
382 3789 402 3846 4
426 3788 559 3860 relation
583 3788 654 3844 ΡΖ
755 3786 894 3844 soliditate
919 3787 942 3842 0
1043 3788 1061 3841 5
1083 3785 1196 3842 aduliso
1217 3783 1315 3842 BK¹Z

253 3873 366 3930 adsim
393 3872 437 3927 Ρ
546 3874 565 3928 6
590 3873 667 3928 nubt
695 3873 719 3928 0
830 3871 999 3928 crediderent
1027 3869 1067 3926 K¹
1179 3886 1262 3941 quum
1290 3869 1314 3926 0

255 3960 271 4013 'i
297 3974 382 4028 quum
409 3959 433 4015 0
579 3961 597 4014 8
623 3959 709 4013 mirae
733 3975 786 4014 ora.
815 3958 882 4028 Ode
1030 3959 1047 4013 9
1073 3955 1248 4027 praecedebat
1272 3953 1312 4010 11¹

256 4043 291 4098 10
312 4043 470 4113 prohibetur
496 4043 553 4099 BF
651 4043 695 4099 luia
717 4041 810 4099 BF'O
913 4043 946 4099 13
968 4059 1051 4112 quum
1075 4045 1098 4099 O
1200 4044 1234 4097 14
1251 4041 1382 4110 relegioaa

255 4129 296 4182 K¹
400 4131 434 4184 15
456 4129 568 4184 donaria
589 4129 657 4184 BF:
686 4145 796 4185 munera
815 4127 881 4199 Ode
898 4129 933 4196 cf.
952 4127 1020 4195 XX,
1037 4133 1064 4193 8,
1082 4133 1101 4184 6
1203 4127 1236 4183 16
1258 4127 1380 4196 tropeum

254 4213 289 4268 K
375 4215 409 4270 18
426 4218 454 4270 et
471 4231 523 4271 ora.
540 4215 571 4270 F
658 4213 694 4269 20
710 4214 889 4270 adortationis
907 4213 960 4272 ΒΟ
1048 4213 1082 4270 23
1101 4213 1240 4269 deuotione
1256 4211 1316 4267 BF

253 4300 288 4354 24
305 4299 396 4368 quiO
496 4301 531 4356 26
549 4300 704 4356 offerih‘sO
