3009 5200
263 450 329 517 482
658 445 824 500 Iohannis
844 444 1000 501 Cessisni

266 638 369 721 lege,
400 638 441 703 ut
470 654 531 701 eos
561 638 626 719 qui
656 636 726 701 sub
749 636 838 719 lege
859 640 973 700 erunt
993 636 1100 700 lucri
1124 636 1309 702 fucereme
1332 635 1396 701 his

266 740 331 821 qui
355 742 438 805 sine
460 739 547 823 loge
570 742 685 805 erant
706 743 907 822 tamquam
930 742 1012 805 sine
1034 740 1123 819 lego
1146 756 1285 820 essem,
1307 756 1395 805 oum

266 846 353 909 siue
375 844 461 927 lege
483 844 544 909 dci
567 862 642 909 non
665 860 788 909 essem
811 845 876 908 sed
901 843 940 907 in
963 842 1051 923 lege
1073 860 1198 908 essem
1220 841 1394 924 Christi,

266 951 305 1013 ut
338 966 401 1015 eos
433 949 496 1030 qui
531 948 616 1013 sine
647 948 733 1028 lego
763 951 875 1012 erunt
903 948 1009 1012 lucri
1039 948 1228 1013 ducerem:
1256 946 1394 1013 fuctus

265 1068 347 1117 snm
370 1050 551 1117 infirmis
574 1050 781 1126 infirmus,
804 1056 848 1115 ut
869 1051 1055 1115 infirmos
1078 1052 1183 1116 lucri
1201 1050 1393 1115 fusorem:
1418 1070 1440 1110 s

265 1153 445 1222 omnibus
488 1154 618 1219 omnia
661 1153 792 1219 fectus
834 1172 934 1227 sum,
970 1156 1016 1217 nt
1051 1171 1183 1218 omnes
1218 1154 1394 1219 iacerem

264 1259 409 1332 suiuus,
442 1257 516 1341 quid
550 1258 637 1323 aliud
671 1259 807 1322 ostendit
836 1274 931 1340 quum
964 1259 1135 1322 secundum
1173 1258 1393 1322 infirmitatem

263 1366 356 1445 utque
387 1378 564 1427 mensurum
595 1376 700 1424 eorum
730 1362 784 1442 qui
813 1345 1063 1425 instituebnntur
1084 1358 1336 1425 condescendisse
1356 1378 1394 1424 se

265 1482 386 1547 semper
408 1468 439 1529 et
461 1482 480 1528 u
501 1462 697 1546 perfectionis
721 1464 822 1545 rigore
846 1462 965 1544 uliquid
987 1463 1152 1536 rslsxsssc
1175 1482 1231 1529 nos
1251 1465 1392 1527 tenuisse

264 1588 296 1635 ee
318 1570 348 1635 id
373 1568 453 1651 qnod
476 1566 631 1633 districtio
654 1583 780 1649 possess
802 1566 977 1646 uidebatur,
1004 1568 1058 1633 scd
1080 1565 1161 1631 illud
1182 1566 1284 1649 magis
1298 1584 1438 1650 prce-uo

233 1670 404 1755 iposuisse
438 1668 519 1754 quod
556 1668 785 1735 infirmantium
822 1669 944 1735 utilitus
977 1669 1145 1753 exigebat?
1178 1672 1212 1734 et
1243 1674 1282 1734 ut
1313 1670 1391 1735 heco

265 1772 374 1846 eudem
390 1772 547 1838 adtentius
562 1772 747 1855 indagantes
763 1773 951 1856 singillatim
977 1772 1216 1855 apostolicorum
1232 1772 1389 1839 uirtutum

265 1876 401 1961 insignia
433 1876 627 1959 replicemus,
663 1880 790 1959 quaeret
823 1876 947 1959 uliquis,
979 1876 1132 1958 quomodo
1164 1875 1309 1942 omnibus
1333 1896 1392 1959 per

266 1979 369 2047 omnis
390 1980 501 2045 beatus
523 1978 682 2062 apostolus
706 1998 795 2045 suum
818 1977 968 2063 probetur
983 1983 1107 2061 uptusse
1123 1983 1311 2062 personum?
1333 1979 1392 2045 ubi

266 2084 367 2149 iactus
405 2083 448 2149 sit
483 2080 608 2149 Iudseis
644 2082 726 2147 sicut
759 2082 916 2149 luccesse
952 2081 1092 2163 proiecto
1125 2083 1179 2163 ibi,
1213 2084 1267 2150 ubi
1299 2082 1436 2151 illumne

265 2187 451 2253 sententiam
474 2184 587 2251 intimo
610 2186 700 2251 cordo
722 2185 902 2251 custodiens
924 2202 986 2267 qus
1008 2184 1129 2251 Guiutis
1151 2185 1393 2253 denuntiauerunt

266 2290 386 2355 diceus:
416 2307 503 2353 osne
533 2305 602 2370 ogo
625 2288 887 2353 Psulusdioo
909 2288 1024 2355 uobis
1046 2289 1198 2371 quiesi
1221 2292 1392 2355 circum-

265 2392 466 2475 cidamini,
490 2390 676 2457 christus
697 2390 812 2457 uobis
832 2391 937 2457 nihil
960 2393 1153 2474 proderit,
1177 2394 1209 2459 in
1231 2393 1393 2462 Timothei

264 2498 367 2563 tamen
397 2496 632 2563 circumcisione
660 2495 831 2577 imaginem
862 2495 1089 2577 quodamnodo
1112 2495 1259 2562 Iudaicae
1279 2515 1392 2579 super·

233 2601 399 2668 deditionis
421 2601 605 2684 adsumpsit.
643 2602 675 2665 et
695 2618 802 2666 rursus
824 2598 880 2666 ubi
903 2600 1005 2666 fustus
1026 2601 1076 2664 est
1097 2601 1142 2668 eis
1163 2601 1217 2682 qui
1238 2598 1296 2666 sub
1319 2602 1440 2684 legens

265 2707 354 2770 erant
377 2705 537 2786 tamquam
559 2704 617 2770 sub
640 2703 709 2786 iege
724 2707 828 2769 esset?
849 2723 961 2787 nempe
977 2703 1032 2783 ibi,
1048 2703 1102 2768 ubi
1118 2703 1250 2770 lscobus
1265 2721 1391 2770 omnes·

265 2826 323 2889 que
354 2807 491 2872 seniores
521 2807 671 2872 ecclesiae
703 2805 920 2883 formidantes,
951 2827 989 2872 ne
1017 2809 1050 2872 in
1078 2825 1148 2872 eum
1171 2806 1229 2884 illu
1249 2808 1394 2872 inrueret

264 2912 448 2976 Iudaeorum
492 2911 693 2988 credentium,
737 2913 834 2976 immo
878 2910 1125 2986 Christianorum
1164 2910 1392 2976 iudciusntium

263 3013 442 3090 multitudo,
474 3032 551 3095 quse
584 3014 630 3078 its
663 3013 757 3080 fidem
791 3013 910 3080 Christi
940 3019 1102 3096 receperat
1129 3018 1166 3080 ut
1193 3013 1295 3082 adhuc
1321 3015 1390 3080 ritu

264 3115 520 3182 caerimoniarum
543 3116 692 3200 legalium
715 3119 883 3196 teneretur,
906 3117 1083 3185 discrimini
1105 3119 1172 3184 eius
1185 3118 1244 3183 hoo
1259 3118 1433 3184 consilioue

264 3237 299 3286 us
332 3221 527 3302 persuasione
559 3225 741 3286 succurrunt
770 3221 925 3289 diceutes:
960 3221 1087 3298 uides,
1121 3220 1262 3298 fustor,
1295 3223 1392 3306 quot

263 3321 377 3388 mitia
398 3322 480 3391 sint
502 3323 537 3390 in
562 3323 718 3390 Iudaeis
741 3326 805 3405 qui
828 3325 1100 3399 crediderunt,
1134 3330 1173 3392 et
1195 3325 1233 3390 hi
1256 3343 1389 3391 omnes

365 3509 396 3563 17
415 3509 476 3564 Gul-
493 3509 519 3575 5,
538 3509 555 3563 2
657 3509 692 3564 26
710 3511 770 3564 sec
789 3511 831 3574 21,
849 3510 949 3564 20-21

313 3682 330 3736 3
348 3681 391 3735 dei
409 3697 460 3736 oon.
480 3683 505 3733 Τ
605 3681 751 3736 discerem
771 3681 871 3750 minos]
891 3681 959 3735 lucri
978 3682 1092 3736 issem
1109 3683 1165 3735 TO
1267 3682 1285 3736 8
1301 3679 1392 3750 sique

263 3769 287 3820 0
389 3766 594 3822 instruebantur
617 3769 642 3818 ‘d'
741 3783 770 3821 se
787 3783 839 3822 om.
857 3769 882 3818 ‘d'
982 3767 999 3821 9
1023 3768 1185 3836 perfectione
1206 3768 1237 3820 Π
1337 3769 1390 3822 uli·

261 3853 321 3921 quit
349 3851 379 3903 Π
383 3853 431 3920 (Σ)
536 3853 570 3906 10
595 3851 732 3906 destrictio
760 3853 820 3905 ΣΟ
921 3853 953 3906 11
976 3858 1042 3921 poet
1064 3853 1189 3922 exigebst
1212 3854 1237 3905 Y
1251 3853 1283 3907 iss
1299 3869 1388 3922 scorp.

261 3939 341 3994 tabet
357 3937 418 3992 XX
520 3939 553 3994 13
580 3943 691 4008 quscret
716 3939 758 3991 Π(
789 3941 900 4008 qusorst
923 3937 982 3990 ΣΟ
1010 3941 1118 4008 quaerit
1140 3941 1177 4003 Τς
1202 3937 1239 4005 os.
1255 3943 1318 4004 §.6

262 4025 294 4080 15
312 4025 357 4094 sit]
377 4028 418 4078 est
435 4027 460 4077 ‘P
553 4027 585 4080 id
602 4042 682 4096 quum
700 4026 778 4079 Hi'u
796 4031 864 4090 (coos
882 4026 917 4092 Ο)
1012 4026 1045 4079 18
1062 4025 1241 4095 prodeeritO
1329 4027 1387 4078 thi-

261 4111 342 4164 motei
360 4112 388 4162 Σ
492 4110 524 4165 19
542 4113 767 4171 circumsisionem
786 4111 870 4164 11101
971 4109 1072 4166 iudcios
1088 4112 1125 4165 0¹
1226 4110 1262 4164 20
1279 4109 1390 4164 eduum

262 4194 299 4247 sit
317 4196 344 4246 Σ
441 4195 473 4250 21
492 4197 568 4264 qussi
586 4197 612 4248 Ῥ
713 4195 867 4265 omnesqui
886 4197 915 4248 Σ
1017 4195 1050 4249 22
1068 4212 1129 4250 sum
1146 4212 1198 4252 ouo.
1217 4195 1245 4248 Π
1343 4196 1385 4248 in·

261 4281 347 4334 rusrit
364 4282 393 4334 Π
482 4281 516 4336 23
534 4281 771 4336 indcissutiumO
860 4281 894 4336 24
912 4282 1040 4350 reciperet
1056 4282 1096 4334 11¹
1183 4282 1218 4336 26
1233 4282 1307 4350 quod
1325 4281 1389 4334 ΣΠ

261 4385 287 4438 O
307 4383 382 4454 Vuis.
485 4384 518 4438 27
536 4385 649 4438 nuntii
668 4385 746 4456 Vulp.
844 4376 880 4439 hr¹
897 4385 928 4437 Π
953 4385 995 4438 hii
1013 4385 1081 4438 P¹O
