3009 5200
308 437 370 504 308
550 433 713 490 Iohannis
730 431 891 488 cessioni
908 429 1069 486 couletio
1092 429 1126 493 X,
1145 430 1185 484 14.

309 625 515 708 apostolicum
537 623 737 688 mandatum:
760 621 851 686 sine
874 618 1178 685 intermissione
1199 620 1307 684 orate
1327 614 1437 697 possi·

310 747 379 792 mus
409 727 538 810 inplere.
574 743 740 809 perparum
771 742 904 806 namque
931 725 1010 800 orat,
1042 721 1184 805 quisquis
1215 720 1271 786 iilo
1301 721 1436 785 tautum

309 832 446 912 tempore
481 847 540 911 quo
577 845 680 912 genua
710 826 881 893 fleetuntur
914 843 1003 891 orare
1039 825 1212 890 consueuit.
1256 839 1436 904 numquam

308 950 382 996 uero
415 937 495 1010 orat,
528 932 668 1014 quisquis
704 931 803 996 etism
835 929 924 996 flexis
957 929 1089 1012 genitus
1116 927 1301 1009 erogatione
1326 924 1436 989 cordis

307 1037 524 1118 qualicumque
552 1033 743 1100 distrahitur.
781 1036 813 1097 et
842 1032 959 1099 idcirco
991 1034 1100 1115 quoles
1127 1035 1254 1096 orantes
1281 1028 1471 1094 uolumuse

307 1138 449 1214 inueniri,
481 1137 562 1202 telos
590 1153 645 1200 nos
673 1153 740 1200 eme
765 1137 888 1217 oportet
907 1139 981 1200 aute
1001 1137 1127 1216 tempus
1147 1133 1267 1200 orandi.
1302 1149 1437 1196 necesse

307 1245 355 1304 eet
386 1241 472 1304 onim
505 1240 641 1304 mentem
673 1237 707 1303 in
739 1239 878 1320 tempore
911 1236 1146 1321 supplicetiouis
1175 1253 1251 1301 suas
1276 1238 1316 1300 de
1341 1235 1436 1298 statu

307 1344 506 1425 praecedente
533 1341 662 1408 formari
689 1339 817 1423 illisque
843 1359 914 1405 eam
941 1341 1184 1424 cogitationibus
1210 1341 1353 1404 orantem
1381 1338 1436 1401 uel

307 1446 347 1511 ad
375 1444 524 1510 caelestis
551 1442 715 1508 sublimari
744 1443 797 1507 uel
824 1441 865 1506 ad
891 1446 1019 1509 urruns
1039 1441 1188 1526 demergi,
1222 1442 1334 1525 quibus
1358 1442 1437 1504 ante

308 1547 479 1613 orationum
501 1547 598 1612 inerit
618 1547 782 1610 inmoreta.
1447 1565 1472 1605 uo

278 1668 300 1732 3
351 1665 535 1748 Hucusque
549 1667 644 1730 ebbae
659 1663 746 1729 [msc
761 1663 915 1730 adtonitis
937 1665 1027 1730 nobis
1040 1665 1208 1730 secundam
1222 1664 1438 1730 conlationem

309 1767 348 1833 de
375 1769 524 1834 orationis
553 1767 705 1850 qualitate
731 1767 874 1850 digessit
912 1768 1000 1834 cuius
1028 1768 1203 1834 doctrinam
1230 1786 1324 1850 super
1345 1766 1437 1832 illius

308 1871 459 1954 praedicti
481 1871 627 1937 uersiculi
649 1870 867 1948 meditatione,
892 1889 987 1954 qnam
1007 1872 1099 1936 uelut
1120 1871 1352 1936 informationis
1366 1869 1436 1934 loeo

310 1976 350 2038 ab
374 1975 595 2058 incipientibus
618 1973 792 2039 tradiderat
817 1973 1026 2055 retinendam,
1047 1974 1241 2039 admirantes
1261 1973 1436 2038 admodmn

304 2067 342 2142 'et
363 2076 500 2142 excolere
522 2076 721 2142 tenacissime
743 2077 916 2160 cupientes,
945 2080 1056 2160 utpote
1077 2095 1172 2160 quam
1194 2075 1470 2161 conpendiosamo

309 2198 346 2244 ae
377 2179 503 2245 facilem
535 2181 743 2253 credebamus,
784 2179 990 2245 difficiliorem
1025 2183 1101 2245 sutis
1132 2179 1172 2246 ad
1203 2180 1437 2245 obseruandum

309 2283 428 2366 experti
456 2299 565 2348 sumus
595 2300 688 2364 quam
718 2282 799 2348 illud
827 2283 969 2348 studium
994 2286 1149 2362 nostrum,
1171 2300 1231 2369 quo
1252 2281 1435 2348 solebamus

310 2391 405 2450 untes
431 2403 489 2468 per
513 2403 605 2450 omne
632 2385 855 2467 seripturarum
882 2403 993 2466 eorpus
1019 2386 1136 2468 absquo
1164 2385 1260 2452 uffius
1286 2403 1437 2468 perseue-

309 2490 428 2553 rantiae
450 2488 576 2554 uinculo
599 2487 688 2552 uaria
714 2489 831 2570 possim
857 2488 1062 2553 meditatione
1090 2489 1271 2554 discurrere
1308 2491 1436 2552 constat

310 2591 407 2677 igitur
434 2594 592 2659 nemiuem
619 2610 744 2674 prorsus
766 2591 808 2657 ob
836 2591 1017 2676 inperitiam
1044 2591 1225 2658 litterarum
1245 2610 1266 2656 a
1285 2591 1470 2675 perfecti-eo

309 2712 367 2760 one
394 2698 494 2761 cordis
528 2696 650 2760 excludi
683 2714 739 2760 nec
771 2695 982 2761 rusticitatem
1013 2696 1119 2762 obesse
1147 2696 1188 2761 ad
1214 2694 1436 2777 capessendam

311 2797 413 2863 cordis
435 2802 528 2883 atque
550 2799 675 2863 animae
696 2798 878 2879 puritatem,
900 2816 981 2882 quse
1003 2798 1295 2880 conpendiosissime
1309 2798 1436 2864 adiacet

311 2902 442 2975 cunctis,
465 2902 607 2966 simodo
630 2920 738 2966 sunum
760 2904 792 2966 et
813 2903 971 2985 integram
998 2903 1114 2967 mentis
1138 2904 1343 2969 intentionem
1366 2902 1435 2984 iugi

311 3003 350 3066 ad
371 3004 464 3067 deum
487 3004 633 3068 uersiculi
654 3004 748 3069 huius
770 3004 975 3070 meditatione
994 3006 1200 3071 seruauerint.

414 3190 669 3255 lll'hess.5.ll

364 3361 378 3414 1
402 3360 599 3415 intirmistione
620 3361 647 3415 V
745 3363 764 3415 2
785 3362 892 3431 impleri
913 3362 944 3417 D
1042 3380 1185 3434 properum
1207 3364 1247 3419 D·
1351 3366 1370 3419 6
1393 3365 1436 3418 in·

311 3447 402 3500 uenire
423 3446 465 3499 12¹
571 3447 600 3499 il
626 3446 714 3500 serto
736 3446 790 3501 hue
811 3464 894 3517 usque
914 3448 999 3503 athos
1020 3450 1106 3505 ntro
1125 3450 1341 3519 eotcredcpieto
1360 3452 1393 3504 ise
1414 3450 1439 3503 V

310 3532 641 3603 tantqtnoepumnc
732 3532 953 3589 ledoetfiuav
1042 3535 1251 3591 lledmodoV
1338 3538 1437 3591 l5ut·

310 3622 375 3686 pute
401 3616 428 3671 V
528 3618 561 3671 16
583 3616 779 3673 obseruandsm
801 3619 842 3673 D¹
950 3621 984 3675 18
1006 3622 1099 3677 seribt.
1124 3621 1147 3677 0
1247 3620 1436 3677 obseruantise

310 3702 419 3759 DOXr
488 3702 737 3772 fflperiectiondD
815 3704 1047 3773 sumptuosum
1062 3706 1091 3760 V
1112 3708 1298 3777 ospesoendsm
1314 3708 1369 3763 ΟΡ

310 3789 346 3842 22
363 3786 451 3842 cordis
468 3791 548 3858 atquo
565 3804 616 3843 ose.
636 3790 690 3845 ΟΧ
774 3790 810 3845 24
827 3792 964 3845 seruarint
979 3808 1016 3847 ex
1032 3797 1170 3847 semem
1185 3792 1217 3848 D
1244 3796 1396 3847 amerit
1414 3792 1436 3847 0

311 3874 368 3928 PX
468 3874 587 3944 Explicit
609 3876 727 3931 conlatio
750 3876 870 3943 (collatio
893 3876 932 3931 1²:
959 3892 1010 3931 osc
1031 3878 1074 3945 D)
1098 3878 1206 3933 abbatis
1227 3879 1299 3933 istae
1320 3878 1436 3933 secunda

311 3960 343 4014 de
366 3963 487 4015 oratione
509 3960 616 4016 VDOP
645 3960 721 4029 Expl.
745 3962 813 4015 conl.
835 3960 938 4017 decima
958 3979 1026 4032 quse
1044 3968 1073 4017 et
1090 3964 1189 4019 ultima
1208 3966 1341 4033 presentis
1359 3964 1436 4019 nolu·

311 4046 393 4101 minis
411 4046 517 4102 abbatis
536 4048 607 4101 ism
625 4046 657 4101 de
675 4048 797 4102 oratione
814 4046 848 4101 X

775 4262 976 4269 m—
