3009 5200
501 428 660 486 Conlatio
682 428 740 493 XV,
759 429 835 483 1-2.
1168 429 1232 494 42⁷

105 624 316 688 mundatus
346 624 408 688 est
436 624 517 687 nisi
545 620 690 687 Neman
725 620 848 705 Syrus.
888 620 1002 684 tertius
1037 617 1261 685 curationumb

103 725 215 791 modus
244 726 341 791 etiam
368 724 512 791 conludio
540 726 725 789 daemonum
753 740 791 788 ae
820 722 954 787 faotione
984 722 1163 805 simulatur,
1185 725 1231 799 nt,

3 887 4 912 3
103 832 178 894 dum
207 829 299 894 homo
326 828 502 894 manifestis
530 828 712 892 criminibus
738 826 895 910 obligatus
918 826 1043 907 propter
1065 825 1231 890 admirati-

3 915 4 948 *
103 950 194 997 onem
210 934 370 1016 signorum
388 932 512 996 sanetus
528 948 565 996 ao
580 931 631 995 dei
647 930 785 996 famulus
800 929 948 1006 ereditur,
968 929 1063 995 etiam
1078 930 1231 995 exitiorum

82 1039 169 1102 seius
207 1036 377 1101 aemulatio
415 1036 582 1101 suadeatur
615 1039 647 1099 et
683 1054 740 1117 per
777 1033 834 1097 hoo
867 1033 1103 1099 obtrectationis
1141 1033 1230 1098 editu

101 1144 240 1205 reserato
262 1140 359 1204 etiam
381 1138 542 1221 religionis
571 1137 724 1203 sanotitas
752 1136 933 1215 infametur,
964 1137 1015 1201 uel
1037 1138 1121 1201 oerte
1143 1140 1179 1200 ut
1202 1136 1230 1201 is

102 1243 156 1325 qui
185 1244 382 1308 putationum
411 1244 491 1307 done
518 1241 632 1305 habore
659 1258 692 1305 se
720 1238 819 1305 eredit
847 1258 900 1322 per
924 1239 1104 1321 superbiam
1128 1241 1228 1304 eordis

101 1347 203 1411 elatus
240 1346 367 1429 granius
405 1345 548 1409 elidatur.
591 1343 666 1408 iude
703 1348 752 1407 est
787 1344 867 1425 quod
904 1345 1085 1407 innoeentes
1121 1360 1229 1407 eorum

101 1449 239 1530 uomina,
278 1466 353 1530 qnos
391 1448 480 1512 nulla
512 1446 628 1511 merita
659 1446 836 1511 sanctitatis
869 1464 924 1509 nee
957 1445 1037 1510 ullos
1071 1444 1229 1528 spiritales

71 1553 222 1617 robustus
244 1552 358 1617 hebere
381 1553 579 1634 cognoscunt,
602 1550 652 1613 uri
674 1568 706 1613 se
729 1567 836 1613 eorum
852 1548 974 1613 meritis
990 1568 1027 1613 ae
1042 1548 1080 1613 de
1096 1548 1229 1613 obsessis

103 1656 257 1719 simulant
286 1655 464 1737 corporibus
492 1653 634 1736 effugari.
672 1653 712 1717 de
738 1652 850 1733 quibus
872 1654 906 1717 iu
929 1652 1172 1716 Deuteronomio
1195 1651 1260 1723 si6

103 1758 337 1835 surrexerit,
370 1758 483 1838 inquit,
511 1758 552 1821 iu
580 1755 710 1820 medio
736 1754 797 1818 tui
821 1754 1048 1836 prophetes,
1071 1758 1141 1820 aut
1165 1754 1230 1837 qui

103 1859 300 1925 somnium
331 1858 485 1924 uidisse
513 1878 553 1925 se
581 1859 706 1937 dieat,
737 1860 776 1921 et
805 1858 1052 1940 praedixerit
1075 1860 1231 1940 siguum

105 1966 224 2045 atque
245 1965 486 2045 portentum,
509 1966 548 2027 et
571 1961 754 2027 euenerit
776 1961 878 2044 quod
903 1962 1072 2027 loeutus
1095 1962 1171 2039 est,
1195 1962 1231 2025 et

72 2066 253 2131 edixerit
275 2065 367 2131 tibi:
390 2084 540 2143 eamus,
563 2070 599 2131 et
621 2083 835 2148 sequamur
858 2063 949 2130 deos
966 2064 1231 2145 alienosquos

102 2170 285 2253 ignoras,
315 2170 354 2233 et
382 2170 604 2234 seruiamus
635 2169 710 2233 eis:
739 2187 813 2233 nou
843 2169 982 2233 audies
1007 2166 1127 2232 uerba
1148 2183 1230 2248 pro·

103 2272 246 2354 phetae
274 2273 390 2338 illius
422 2275 490 2337 aut
522 2273 799 2338 somniatoris:
833 2271 923 2353 quia
956 2270 1131 2353 temptat
1163 2285 1229 2332 uos

103 2375 285 2439 domiuus
305 2379 399 2441 deus
421 2376 570 2454 uester,
592 2378 636 2439 ut
658 2375 788 2458 palam
803 2374 879 2439 liat
895 2376 1027 2438 utrum
1044 2371 1230 2455 diligatis

103 2495 187 2542 eum
209 2496 256 2542 eu
279 2496 366 2557 uon,
388 2479 428 2543 iu
451 2479 536 2542 toto
559 2478 688 2553 eorde,
712 2478 808 2542 etin
831 2476 1228 2541 totaanimauestra:

75 2582 135 2646 oet
166 2582 200 2645 iu
235 2580 401 2665 euangelio
438 2583 667 2666 exsurgent,
705 2580 817 2663 iuquit,
854 2578 1158 2663 pseudochristi
1192 2582 1229 2643 et

104 2685 489 2768 pseudoprophetae,
520 2689 559 2750 et
590 2685 738 2750 dabunt
768 2685 883 2767 signa
912 2701 1052 2766 magna
1084 2685 1121 2747 et
1143 2701 1228 2764 pro-

104 2787 226 2872 digia,
249 2789 309 2853 ita
330 2789 373 2852 nt
393 2790 435 2852 iu
456 2806 632 2853 errorem
652 2789 896 2853 inducentur
918 2786 1056 2864 etiem,
1079 2786 1112 2850 si
1135 2784 1230 2850 fieri

105 2892 404 2972 potest,eleoti.

143 3012 187 3078 Π.
216 3012 409 3095 Quapropter
438 3030 611 3094 numquam
643 3013 791 3078 debemus
822 3031 871 3077 eos
901 3013 954 3093 qui
976 3011 1050 3076 haee
1072 3009 1228 3074 adfectant

76 3114 134 3178 sin
155 3113 207 3180 bis
230 3104 404 3182 uirtutibus
429 3115 588 3194 admirari,
610 3117 665 3181 sed
686 3118 790 3199 potius
816 3115 932 3181 intueri
954 3119 1061 3180 utrum
1079 3114 1229 3178 uitiorum

104 3219 241 3283 omnium
264 3219 441 3301 expulsione
462 3221 494 3283 et
515 3239 639 3284 morum
662 3220 880 3286 emendatione
900 3217 1033 3302 perfeoti
1055 3218 1128 3293 sint,
1147 3215 1229 3298 quod

103 3321 210 3403 utique
231 3340 292 3386 uon
316 3339 371 3402 pre
393 3321 523 3388 alterius
545 3323 606 3388 fide
628 3324 684 3388 aut
706 3323 887 3388 diuersitate
910 3340 1082 3400 musarum,
1106 3321 1158 3384 sed
1173 3335 1229 3401 pro

204 3541 236 3594 ll
256 3542 336 3597 Deut
356 3543 397 3608 la,
417 3543 484 3596 1-3
587 3543 622 3597 20
638 3543 688 3598 Mt.
706 3544 748 3608 24,
767 3544 801 3597 24

151 3749 166 3802 1
184 3762 301 3802 minan
318 3747 411 3800 H’Yo
497 3748 567 3802 sirus
583 3749 613 3799 Π
702 3748 815 3802 tertium
834 3748 863 3800 Π
951 3750 968 3804 5
986 3749 1114 3806 suamtur
1131 3750 1160 3799 Σ

101 3834 313 3890 obtreetotioues
328 3833 369 3884 11ι
398 3831 641 3889 obtreotatiouibus
659 3837 685 3887 2
773 3833 869 3890 auditu
886 3834 956 3888 ΠΟι
1052 3836 1068 3890 6
1086 3834 1230 3904 relegionis

100 3921 129 3973 Π
225 3920 257 3974 11
275 3917 493 3984 deutheronomio
509 3922 539 3972 Σ
634 3921 666 3975 12
683 3921 779 3989 inquid
796 3921 856 3974 ΠΟ
940 3922 1009 3990 prof.
1027 3923 1057 3974 Π
1151 3921 1183 3974 13
1201 3935 1231 3975 se

100 4023 201 4078 unm
216 4025 244 4075 r
338 4023 537 4078 ostendito
634 4024 668 4079 15
686 4011 718 4078 ui
734 4024 839 4078 monus
856 4025 896 4076 Πι
995 4025 1027 4078 ne
1045 4023 1113 4093 pror.
1132 4024 1162 4075 u

101 4109 231 4164 libutus
249 4111 277 4161 2
366 4111 467 4165 temtat
484 4109 545 4164 ΣΟ
639 4112 673 4166 18
689 4109 781 4179 palam
798 4111 859 4181 liat]
876 4111 946 4167 solat
963 4113 989 4164 0
1081 4109 1116 4164 20
1133 4108 1229 4178 inquid

100 4195 159 4248 ΠΟ
254 4195 288 4250 21
307 4195 525 4266 pseudoprofetae
540 4198 572 4249 Π
598 4196 826 4266 seudoprophetee
845 4197 872 4250 0
966 4196 1000 4250 22
1018 4211 1103 4252 ermre
1119 4196 1160 4248 Πι

101 4282 182 4337 etiam
202 4287 271 4337 unte
292 4281 373 4337 eleoti
394 4283 495 4338 babeo
516 4283 624 4338 limos
647 4289 674 4338 a
694 4283 788 4354 Vade:
814 4283 863 4339 aad
884 4284 920 4350 of.
942 4283 1012 4340 Noe.
1037 4287 1096 4338 ieet.
1117 4283 1168 4339 Gr·
1186 4279 1228 4338 od.

103 4366 285 4433 Tbobendort'
383 4369 418 4423 24
433 4369 515 4424 mollo
531 4368 676 4425 amende
692 4371 725 4425 tor
740 4370 772 4422 11
873 4371 907 4426 26
926 4369 1115 4426 emundatione
1131 4368 1162 4424 Π
1304 4365 1308 4375 “
