3009 5200
456 464 614 525 Conletio
633 464 680 532 vl,
698 464 777 521 t-t.
1121 464 1184 532 lte

91 658 418 745 requirentibus
444 657 631 724 inferuntur.
668 656 850 724 bominibus
879 656 998 723 etenim
1018 653 1183 740 disputans

91 766 171 832 iuius
195 780 325 830 oensruu
353 778 478 829 nesure
507 762 556 827 est
583 764 621 828 ut
651 758 799 827 humunb
827 758 932 826 uerbis
954 760 987 825 et
1007 757 1184 826 adfectibus

89 868 225 952 leuem.
262 864 380 933 etenim
412 866 508 931 seotio
538 865 592 931 uel
624 863 709 931 ustio
739 862 897 945 soluturis,
928 879 1008 947 quse
1036 862 1185 947 illisqui

89 972 195 1039 nurum
216 969 400 1053 contagione
422 966 592 1052 putrefacti
615 968 690 1034 sunt
704 968 756 1052 pie
770 967 906 1035 infertur
921 985 941 1034 e
955 967 1083 1047 mellito,
1098 966 1183 1032 melu

76 1094 100 1140 ss
113 1072 298 1139 tolerantibus
321 1070 467 1138 creditor.
494 1088 551 1138 neo
573 1088 651 1155 equo
673 1071 776 1137 euleu
799 1089 855 1137 nee
876 1070 1051 1137 emendatio
1073 1069 1182 1135 suenis

88 1176 335 1259 etleliuqnenti.
372 1191 480 1241 omues
509 1173 606 1240 etiem
635 1174 819 1258 diseipliuee
848 1174 898 1241 bis
921 1174 976 1259 qui
998 1171 1215 1240 erudiuntur2

87 1296 179 1347 uiue
205 1278 385 1346 sentiuntur
413 1278 453 1345 ed
475 1294 633 1361 praeseus,
657 1278 738 1344 sient
760 1277 918 1362 apostulus
940 1276 1034 1344 dieite
1057 1275 1182 1343 omnis

87 1386 183 1451 sutem
217 1380 439 1467 diseiplinu
471 1380 508 1447 in
547 1381 751 1466 praesenti
787 1400 862 1449 uon
897 1381 1061 1449 uidetur
1098 1396 1183 1445 esse

86 1486 190 1571 geroii
217 1488 285 1553 sed
312 1486 519 1569 moeroris,
549 1486 688 1568 postes
717 1486 850 1551 nutem
875 1483 1050 1550 iruoturn
1071 1500 1182 1565 peoo-

70 1592 251 1656 llissirunm
273 1588 336 1655 bis
358 1588 425 1673 qni
446 1607 512 1673 per
534 1604 574 1653 se
598 1588 770 1655 exerciti
792 1590 887 1655 suut
908 1584 1044 1653 rediit
1066 1584 1183 1652 iusti·

87 1694 157 1767 tire,
182 1695 227 1759 et:
258 1710 371 1775 quem
393 1690 533 1776 diligit
562 1692 737 1759 dominus
769 1689 960 1775 surripit,
987 1688 1183 1773 ilugeilet

88 1800 184 1863 eutem
210 1814 362 1862 omnem
391 1794 527 1861 filium
557 1813 669 1878 quem
696 1794 851 1879 recipit
889 1796 975 1878 quis
998 1797 1098 1861 enim
1120 1796 1181 1859 est

88 1900 172 1965 illins
199 1918 309 1983 quem
339 1918 411 1967 non
438 1898 610 1984 corripit
630 1902 769 1982 poteri
789 1900 896 1983 ituqne
917 1898 1004 1965 mele
1024 1914 1181 1963 nonnum·

88 2020 153 2084 pun
165 2004 233 2087 poni
246 2022 304 2087 pro
320 2000 550 2069 eifliutionibus
565 2002 669 2069 solent
684 2002 856 2069 seeundum
871 2000 968 2068 illud:
991 2001 1030 2067 et
1050 1999 1181 2083 poeni·

70 2106 143 2171 nteit
159 2109 245 2173 (leue
268 2124 390 2191 snper
412 2107 569 2172 mulitia
591 2123 703 2190 quem
718 2106 879 2172 loeutus
893 2104 1011 2172 estut
1028 2104 1181 2171 luceret

88 2210 136 2291 eis,
153 2214 187 2275 et
207 2229 282 2277 uon
305 2210 423 2291 lenit,
446 2210 625 2277 etiterum:
648 2208 740 2292 quin
762 2212 823 2289 tn,
846 2207 1181 2285 domine‚miseri·

89 2328 142 2377 rere
160 2314 194 2379 et
213 2314 438 2393 miserator,
460 2312 614 2395 petiens
635 2314 675 2379 et
697 2330 878 2397 perquem
899 2310 1122 2378 miserioors
1144 2309 1182 2375 et

88 2416 251 2495 poenitens
284 2417 326 2483 iu
359 2415 545 2502 malitiis,
580 2416 613 2482 id
646 2418 694 2483 est
729 2433 824 2499 super
856 2414 1114 2483 tribulationibus
1148 2415 1181 2479 et

89 2519 205 2587 suurn
227 2538 310 2604 quae
331 2518 421 2587 nobis
443 2535 499 2604 pro
513 2522 715 2605 peeoutorum
735 2524 913 2587 nostrornm
927 2518 1049 2585 meritis
1063 2516 1182 2583 inferre

70 2621 243 2705 runplleris.
284 2641 361 2706 ques
383 2621 486 2688 seiens
501 2622 596 2688 utiles
612 2640 678 2688 esse
690 2621 850 2689 nonnullis
864 2623 911 2689 ite
924 2620 1004 2688 uine
1018 2615 1211 2705 prophetet

89 2722 165 2806 otique
183 2744 245 2791 non
274 2724 422 2792 inuidere
448 2725 544 2792 suluti
568 2743 684 2807 eorum,
715 2728 768 2792 sed
791 2727 957 2794 oonsnlens
984 2723 1180 2810 inpreeutur:

89 2825 153 2890 ulle
171 2827 252 2894 illis
275 2827 394 2906 melu,
418 2828 587 2909 (lemine,
603 2828 699 2894 eddo
714 2826 1019 2914 malegloriosis
1033 2829 1180 2912 terreo,

89 2926 175 3010 etipse
199 2931 344 2998 dominns
374 2950 476 3016 eeoe,
499 2930 814 3017 inquit‚ininoeur
837 2951 954 3018 seper
975 2950 1039 2999 eos
1060 2931 1180 3012 mels,

88 3027 108 3093 il
131 3033 169 3096 est
197 3034 318 3101 dolores
348 3051 385 3099 ee
412 3035 591 3114 uastitates,
621 3034 733 3116 quibus
763 3034 797 3102 in
825 3035 982 3120 praesenti
1013 3033 1181 3102 sulubriter

69 3135 200 3220 rutpti
231 3137 272 3204 eoi
306 3157 368 3218 me,
403 3157 495 3221 quem
528 3139 563 3204 in
596 3141 687 3206 rebus
722 3139 879 3226 prosperis
915 3137 1180 3224 contempserunt,

87 3240 169 3303 renuti
188 3241 317 3308 tandem
338 3259 375 3308 uo
397 3240 545 3310 festinare
561 3245 721 3328 eoguntur.
759 3243 889 3328 ideoque
903 3243 979 3310 bueo
993 3238 1180 3328 principalis

87 3356 130 3404 ese
155 3343 231 3409 mule
262 3362 328 3410 nou
359 3362 525 3427 possumne
558 3343 703 3414 delinire:
738 3344 849 3412 multis
880 3345 965 3412 enim
994 3345 1034 3411 ed
1062 3347 1179 3412 bouum

87 3441 213 3520 poliunt
234 3448 267 3513 et
289 3464 398 3514 esurus
419 3449 617 3516 aeternorum
638 3448 768 3534 pariunt
787 3447 983 3534 gaudiorum.
1005 3449 1039 3513 et
1052 3445 1178 3528 ideireo,

158 3627 265 3684 esent.
286 3631 382 3701 1211
485 3631 516 3686 11
535 3633 555 3690 n
573 3649 596 3688 e
615 3633 683 3689 e-r
786 3633 1110 3703 1410ue,10(bxx)

88 3710 108 3764 u
120 3711 165 3769 1001
177 3715 201 3782 r,
213 3718 246 3772 re
258 3716 355 3787 (nux)
424 3717 459 3774 nu
475 3717 548 3774 urs.
567 3718 762 3790 ue,re(unx)
835 3720 871 3776 se
887 3718 1004 3776 niuem„
1023 3721 1108 3788 11,11

119 3883 338 3945 linieruntnrD
432 3887 763 3959 tapsensum
864 3883 1110 3961 ligendiisotD¹

86 3971 167 4024 ureris
180 3973 305 4041 DWOX
398 3976 584 4046 poefioeimum
601 3977 644 4033 D¹
740 3977 777 4033 10
793 3993 841 4047 pro
858 3993 886 4034 se
902 3978 944 4034 D¹
1040 3978 1179 4034 exereiteti

86 4048 208 4115 buozo
292 4061 385 4118 reddet
402 4061 499 4119 D¹0x
584 4063 617 4118 12
635 4063 736 4136 recepit
752 4063 788 4122 V*
875 4065 908 4121 13
925 4064 1053 4137 surripiet
1069 4065 1111 4122 D·

86 4139 108 4191 ll
124 4155 161 4209 pro
178 4145 272 4202 stillet
290 4149 354 4218 poni
376 4149 419 4205 1)ι
522 4150 643 4221 penituit
659 4151 745 4209 DOX
772 4167 847 4222 poen.
869 4151 909 4209 W
1010 4155 1044 4210 15
1066 4154 1179 4210 maletis

86 4220 112 4274 θ’
180 4230 304 4302 loquutus
323 4233 348 4290 O
431 4236 528 4292 reone
548 4235 585 4293 7¹
678 4239 710 4293 17
728 4238 873 4294 miseretur
893 4237 921 4294 V
1003 4241 1038 4295 18
1054 4240 1179 4310 penitens

87 4307 153 4366 ⁰0X=
177 4334 247 4387 poor.
272 4321 312 4380 W
338 4323 445 4393 petiens
468 4323 496 4380 V
596 4325 719 4382 tribulet
746 4325 783 4382 Υ·
885 4325 922 4381 20
946 4325 1014 4396 prot
1041 4326 1115 4384 DW

87 4391 107 4446 ²1
122 4398 196 4458 nitens
211 4405 250 4461 12¹
354 4410 488 4466 consulens
510 4411 559 4469 W¹
661 4411 696 4468 23
713 4412 807 4483 nque
830 4411 950 4472 VDWO
1062 4469 1065 4475 .
