3009 5200
254 436 295 499 16
638 432 804 487 Iohannis
828 431 986 487 Cassiani

251 621 351 705 portio
386 621 485 704 possit
518 619 630 684 auferri
666 621 734 700 (neo
768 622 851 686 enim
878 619 1089 686 ministerium
1118 621 1275 702 corporale
1303 640 1373 686 oum

250 723 376 789 homine
405 722 520 806 poterit
549 721 665 804 iugiter
687 726 893 806 permanere),
921 725 1007 789 illius
1030 742 1103 789 uero
1125 724 1265 790 studium
1286 725 1374 791 nullo

249 845 375 908 prorsus
397 845 473 891 aeuo
495 828 583 892 docet
604 843 693 909 posse
715 825 808 891 finiri.

293 946 398 1012 VlllI.
428 947 478 1012 nd
506 947 587 1028 quod
619 965 673 1012 nos
704 947 796 1012 ualde
818 947 966 1030 permoti:
995 945 1077 1025 Quid
1100 947 1195 1032 ergo?
1223 945 1373 1012 diximus:

249 1050 339 1116 labor
375 1049 571 1131 ieiuniorum,
617 1049 759 1116 lectionis
795 1052 955 1136 instantia,
1001 1069 1094 1134 opera
1132 1051 1412 1135 misericordiam
1494 1067 1499 1074 ·

249 1153 396 1234 iustitiae,
431 1151 557 1234 pietatis
585 1157 616 1218 et
644 1153 851 1220 humanitatis
888 1155 1069 1219 auferentur
1091 1173 1110 1219 a
1134 1152 1223 1220 uobis
1252 1155 1284 1219 et
1311 1174 1372 1220 non
1493 1189 1498 1197 ·

249 1255 472 1338 permanebunt
487 1273 558 1320 cum
573 1255 753 1320 auctoribus
768 1257 842 1334 suis,
865 1257 1046 1339 praesertim
1062 1275 1133 1321 cum
1148 1259 1214 1340 ipse
1228 1258 1372 1324 domiuus
1493 1263 1499 1302 2

249 1358 481 1423 retributionem
506 1359 594 1440 regni
617 1358 773 1424 caelorum
794 1359 843 1425 his
866 1360 1012 1442 operibus
1034 1359 1233 1442 repromittat
1248 1361 1371 1427 dicens:
1499 1363 1504 1376 '

248 1462 387 1526 uenite
419 1460 628 1527 benedicti
662 1462 787 1546 patris
821 1467 912 1545 mei,
949 1462 1158 1546 possidete
1190 1466 1370 1546 paratum

248 1565 360 1630 uobis
382 1583 540 1648 reguum
563 1584 582 1630 a
604 1566 895 1631 constitutione
917 1566 1058 1632 mundi.
1096 1566 1249 1632 esuriui
1270 1567 1410 1634 enimro

248 1670 286 1734 et
308 1668 480 1735 dedistis
502 1669 597 1735 mihi
620 1670 874 1748 manducare,
898 1671 1012 1735 sitiui
1028 1669 1250 1734 etdedistis
1273 1670 1371 1734 mihi

247 1771 400 1850 bibere,
431 1776 463 1837 et
491 1774 616 1837 cetera?
644 1774 796 1855 quomodo
823 1791 896 1856 orgo
920 1773 1099 1838 auferentur
1120 1773 1197 1838 baec
1218 1791 1298 1856 quae
1319 1774 1370 1838 in·

247 1876 416 1940 troducunt
437 1875 570 1940 factores
592 1894 663 1940 suos
685 1878 717 1940 in
739 1894 870 1957 regnum
894 1876 1075 1940 caelorum?
1107 1915 1110 1921 ·

289 1997 328 2062 X.
351 2013 496 2062 uorsus:
520 1995 585 2062 Neo
608 2016 663 2081 ego
686 1995 750 2062 dixi
774 1998 948 2062 mercedem
963 1997 1035 2062 boni
1050 1999 1150 2078 operis
1166 1996 1368 2063 auferendam

247 2099 367 2166 dicente
390 2102 495 2166 eodem
518 2099 657 2166 domino:
680 2100 746 2182 qui
772 2103 907 2182 potum
928 2099 1083 2165 dederit
1105 2099 1171 2164 uni
1193 2118 1235 2165 er
1256 2102 1407 2170 mini-rs

246 2203 435 2268 misistis
458 2203 617 2268 calicem
641 2221 764 2285 aquae
786 2204 959 2288 frigidae
982 2205 1137 2268 tantum
1161 2203 1369 2268 innomine

247 2305 452 2387 discipuli,
483 2325 592 2372 amen
621 2306 708 2372 dico
733 2307 860 2385 uobis
890 2324 964 2370 nou
986 2306 1125 2390 perdet
1147 2306 1367 2371 mercedem

246 2428 365 2486 suam,
388 2409 443 2474 sed
466 2408 618 2473 actionem
641 2408 719 2484 dieo,
746 2428 841 2491 quam
864 2409 914 2473 uel
937 2408 1103 2474 necessitas
1125 2407 1293 2490 corporalis
1315 2407 1369 2473 uel

245 2511 427 2595 inpugnatio
454 2512 555 2576 carnis
583 2529 638 2576 seu
665 2512 774 2577 mundi
802 2512 895 2576 huius
925 2511 1131 2595 inaequalitas
1153 2509 1366 2576 administrari

246 2617 351 2698 exigit,
385 2615 591 2682 auferendam.
630 2635 703 2682 nam
736 2616 878 2681 lectionis
910 2615 1061 2681 instantia
1094 2613 1145 2679 uel
1177 2613 1406 2684 ieiuniorumro

244 2718 378 2785 adflictio
407 2720 446 2784 ad
475 2720 724 2785 emundationem
753 2720 853 2785 cordis
882 2723 914 2783 et
941 2719 1176 2801 castigationem
1203 2718 1303 2783 caruis
1333 2720 1364 2783 iu

244 2825 399 2907 praesenti
431 2824 646 2889 tantummodo
677 2823 799 2888 utiliter
830 2825 1019 2905 exercentur,
1049 2825 1145 2887 donec
1172 2838 1258 2884 caro
1281 2837 1366 2885 oon·

244 2927 417 3008 cupiscit
440 2927 624 2991 aduersus
645 2927 844 3010 spiritum.
883 2944 961 3009 quae
985 2943 1221 3007 nonnumquam
1243 2922 1281 2987 ab
1305 2922 1365 2997 his,

244 3028 297 3112 qui
320 3028 424 3095 labore
444 3029 542 3094 nimio
564 3050 618 3094 seu
641 3030 835 3115 aegritudine
856 3029 994 3113 eorporis
1009 3029 1133 3093 senioue
1150 3026 1265 3091 defessi
1280 3028 1363 3104 sunt,

244 3134 338 3198 etiam
361 3134 394 3197 iu
416 3133 572 3215 praesenti
586 3134 730 3199 uidemus
746 3134 862 3198 auferri
877 3152 932 3198 neo
949 3133 987 3198 ab
1005 3132 1129 3198 homine
1144 3148 1232 3212 posse
1247 3128 1366 3213 iugiter
1376 3160 1404 3200 25

213 3234 386 3302 uexeroori.
423 3240 538 3320 quanto
567 3236 667 3318 magis
697 3254 768 3319 ergo
798 3234 874 3301 haec
896 3235 930 3299 in
952 3234 1057 3300 futuro
1088 3233 1262 3310 cessabunt,
1293 3252 1366 3298 cunr

244 3338 510 3419 corruptibile
542 3339 612 3404 boc
645 3338 783 3403 induerit
815 3338 1159 3420 incorruptionem
1195 3352 1364 3418 corpusque

243 3440 329 3507 istud
352 3444 431 3525 quod
453 3460 534 3508 nunc
555 3441 730 3507 animale
752 3447 799 3507 est
829 3441 995 3507 surrexerit
1017 3439 1219 3523 spiritale
1242 3441 1274 3501 et
1296 3456 1365 3502 eoe-

244 3546 324 3626 perit
347 3563 415 3610 caro
436 3563 497 3611 non
520 3565 584 3613 esse
606 3548 669 3611 iam
684 3546 759 3612 talis
773 3549 810 3609 ut
824 3548 972 3611 aduersus
993 3544 1139 3626 spiritum
1156 3542 1363 3623 concupiscat.

244 3648 281 3711 de
304 3648 414 3729 quibus
437 3650 531 3714 etiam
553 3649 664 3714 beatus
680 3648 837 3731 apostolus
853 3647 1019 3712 manifeste
1034 3645 1217 3729 pronuntiat
1231 3662 1297 3709 cor
1303 3662 1323 3725 p
1335 3662 1363 3707 o·
1374 3671 1403 3711 so

344 3851 362 3904 9
387 3850 438 3905 Mo.
463 3851 505 3917 25,
528 3852 632 3905 34-35
733 3852 768 3905 15
793 3850 844 3903 Mt.
869 3850 909 3914 10,
931 3850 968 3903 42
1069 3849 1104 3901 22
1128 3846 1189 3902 Gal.
1211 3848 1237 3912 5,
1262 3848 1295 3901 17

242 3934 497 4003 aulcorrqss
598 3934 860 4000 aslonensi
960 3934 1191 4001 soluique

293 4106 404 4161 illinire
421 4105 462 4160 D*
548 4106 696 4160 adicimus
712 4107 750 4162 W
834 4105 967 4159 diustiae
988 4106 1028 4161 W
1111 4104 1144 4157 10
1161 4104 1238 4173 regni
1255 4102 1295 4157 D¹

243 4192 275 4247 12
293 4192 448 4246 auferentur
466 4191 560 4247 DXo:
591 4190 733 4247 auferenda
745 4196 809 4247 sunt
825 4192 863 4247 W
948 4192 981 4246 14
998 4206 1082 4244 moses
1100 4190 1183 4245 D¹W
1268 4190 1300 4242 ia
1317 4188 1363 4242 ad-

242 4280 394 4333 ministrare
415 4278 452 4334 W
554 4278 590 4333 20
611 4294 673 4332 nam
691 4294 727 4334 aa
743 4294 792 4333 uec
809 4278 840 4333 D
941 4277 977 4332 24
997 4278 1053 4347 qui]
1072 4294 1098 4345 q;
1115 4276 1156 4330 1)ι
1258 4274 1363 4329 dedicari

245 4366 284 4421 W
385 4363 418 4418 29
436 4364 503 4417 tales
525 4363 573 4419 W¹
