3009 5200
431 458 593 515 Conlatio
615 458 708 523 XIIII,
731 458 841 514 13-15.
1134 460 1198 527 417

76 649 291 715 tantummodo
326 647 523 715 audientium
560 650 627 714 eius
663 667 764 715 sermo
798 648 970 733 perueniat,
1006 669 1058 717 cor
1095 656 1200 718 autem

76 771 180 818 eorum
200 754 364 836 penetrare
386 772 448 819 uon
469 754 584 836 poterit
605 753 720 819 inertis
748 772 876 837 operum
898 758 929 819 et
951 754 1201 823 infructuositate

75 875 146 923 snae
167 856 313 939 proditus
333 856 496 936 uastitatis,
518 856 592 940 quia
613 874 674 922 nou
697 858 736 921 ds
753 857 898 923 thesauro
926 858 1021 923 bonae
1048 860 1202 941 promitur

75 960 289 1039 conscientiae,
319 958 374 1025 sed
404 961 443 1025 de
465 959 553 1026 inani
579 961 835 1043 praesumptione
856 960 1030 1027 iactantiae.
1064 962 1231 1045 inponi-2

56 1063 136 1133 stile
164 1082 300 1146 namque
329 1066 378 1129 est
404 1064 589 1129 inmundam
610 1065 758 1143 animam,
782 1064 978 1146 quantalibet
999 1065 1199 1133 desudauerit

73 1168 219 1233 lectionis
240 1166 403 1244 instantia,
433 1168 567 1249 adipisci
592 1168 758 1233 scientiam
780 1167 965 1250 spiritalem.
1001 1186 1091 1234 nemo
1114 1168 1198 1234 enim

73 1272 105 1335 in
132 1290 192 1337 uas
221 1270 375 1337 faetidum
403 1272 498 1354 atque
526 1276 707 1354 corruptum
729 1273 925 1354 unguentum
947 1272 1072 1355 aliquod
1093 1272 1199 1339 nobile

72 1379 126 1440 ant
159 1375 223 1440 mel
256 1374 412 1457 optimum
445 1375 501 1442 ant
532 1376 660 1457 pretiosi
693 1375 861 1459 quicquam
893 1374 1021 1457 liquoris
1048 1375 1198 1442 infundit.

73 1477 197 1543 lacilim
221 1480 304 1544 enim
325 1478 469 1561 quamuis
496 1480 749 1545 odoratissimum
770 1494 896 1562 mymm
919 1480 1017 1545 semel
1038 1479 1199 1547 horrendis

47 1583 185 1649 rsinbuta
216 1581 386 1647 factoribus
419 1582 503 1647 testa
535 1582 730 1649 contaminat
762 1600 856 1667 quam
883 1586 920 1647 ut
946 1582 1066 1665 aliquid
1099 1603 1134 1648 er
1163 1601 1199 1649 eo

74 1684 243 1751 suauitatis
265 1687 321 1750 aut
341 1686 460 1769 gratiae
482 1684 552 1768 ipsa
573 1686 737 1769 concipiat,
763 1688 834 1769 quia
856 1687 956 1752 multo
972 1686 1066 1755 citius
1081 1688 1199 1753 munda

74 1792 316 1871 corrumpuntur
345 1807 440 1871 quam
469 1792 616 1871 corrupta
644 1790 845 1855 mundantur.
882 1788 928 1855 ita
955 1790 1053 1873 igitur
1082 1792 1115 1855 st
1142 1790 1229 1857 uas3

73 1891 210 1975 pectoris
231 1893 339 1973 nostri,
362 1891 425 1957 nisi
446 1893 532 1974 prius
554 1892 650 1957 fuerit
670 1892 710 1958 ab
725 1892 811 1959 omni
827 1891 1035 1959 faetidissime
1050 1892 1199 1960 uitiorum

75 1997 259 2077 contagione
280 2000 459 2077 purgatum,
482 2013 544 2060 nou
567 1994 739 2061 merebitur
762 1997 914 2079 suscipere
929 1996 1009 2063 illud
1025 1996 1199 2063 benedicti·

47 2100 140 2167 sonis
184 2100 381 2180 unguentum
416 2097 455 2163 de
495 2117 555 2182 quo
591 2098 707 2165 dicitur
750 2118 806 2182 per
847 2098 1046 2183 prophetam:
1091 2100 1199 2166 siout

75 2202 317 2284 unguentum
349 2203 387 2266 in
419 2200 568 2285 capite,
602 2202 701 2284 quod
731 2203 942 2269 descendit
972 2205 1011 2267 in
1040 2203 1199 2270 barbam

76 2307 221 2387 Aaron,
254 2306 353 2387 quod
387 2305 593 2371 descendit
625 2306 796 2371 inuram
829 2306 1067 2371 aestimanti
1098 2306 1199 2385 eius,

76 2427 131 2473 noc
159 2409 252 2474 illam
279 2410 443 2475 scientiam
470 2410 647 2494 spiritalem
669 2411 702 2475 et
722 2410 846 2493 eloquia
874 2410 1100 2493 scripturarum
1121 2428 1199 2494 quae

77 2512 258 2577 dulciora
285 2514 360 2577 eunt
390 2530 507 2596 snper
535 2512 611 2577 mel
639 2513 677 2578 et
705 2513 841 2579 fanum
868 2512 1023 2597 inpolluta
1049 2512 1198 2580 seruabit.

48 2635 172 2698 oquae
201 2618 301 2682 euim
328 2618 600 2702 participatio
628 2617 816 2684 iustitiae
845 2635 930 2684 oum
962 2617 1199 2700 iniquitate?

76 2722 143 2784 aut
170 2738 271 2802 quas
302 2719 480 2786 societas
508 2720 590 2785 luci
618 2738 703 2784 oum
725 2719 929 2786 tenebris?
951 2737 1048 2803 quae
1069 2722 1199 2787 autem

77 2823 286 2889 consentio
309 2822 461 2890 Christi
481 2824 527 2888 ad
548 2823 718 2890 Beliar?

116 2943 184 3008 XV.
219 2959 419 3010 snamuvs:
452 2943 601 3010 Definitio
634 2945 695 3009 ista
726 2963 921 3028 nequaquam
953 2943 1079 3010 uidetur
1112 2944 1200 3012 nobis

77 3046 210 3111 uemmte
246 3046 352 3112 fulciri
385 3050 440 3112 ant
472 3046 627 3129 probabili
663 3047 785 3113 ratione
821 3047 961 3114 subnixa
1012 3067 1082 3113 oum
1116 3047 1201 3112 onim

47 3169 181 3219 somnes
203 3152 257 3232 qui
278 3151 372 3216 fidem
395 3149 512 3216 Christi
533 3157 589 3216 ant
614 3169 812 3234 nequaquam
841 3151 1015 3234 suscipiunt
1036 3153 1092 3216 aut
1114 3148 1201 3233 inpia

76 3254 257 3337 dogmatum
285 3254 442 3336 prauitate
469 3255 674 3336 corrumpunt
700 3254 843 3320 inmundi
873 3254 974 3319 cordis
1005 3271 1071 3319 esse
1098 3254 1200 3318 mani·

76 3357 193 3423 festum
213 3356 267 3431 eit,
289 3356 442 3438 quomodo
464 3356 559 3421 multi
580 3358 765 3424 Indaeorum
787 3357 882 3440 atquo
904 3357 1133 3424 haereticorum
1147 3354 1200 3420 uel

178 3583 273 3639 15122.
293 3584 386 3650 1322
475 3586 509 3640 19
526 3587 571 3640 Ps.
590 3587 632 3651 18,
652 3588 683 3642 11
725 3587 732 3594 ’
777 3583 978 3652 20110026,
998 3585 1099 3640 14-15

124 3799 142 3852 3
159 3797 296 3867 proditus]
312 3797 468 3866 prepeditus
484 3799 527 3850 11²
629 3799 765 3853 sanitates
783 3799 822 3850 Πι
923 3801 942 3853 4
962 3799 1090 3854 scientiae
1107 3800 1133 3850 1·

75 3884 349 3953 praesumtionem
455 3884 471 3938 1
489 3885 604 3938 fetidum
621 3886 676 3938 ΤΟ
693 3887 822 3953 (passim)
926 3887 1075 3954 corruptum
1092 3885 1132 3936 Πι

75 3975 224 4040 ungentum
248 3971 280 4022 Π
384 3970 489 4040 aliquot
515 3971 544 4022 Σ
654 3972 671 4025 8
697 3971 829 4024 obtimum
858 3970 884 4023 0
990 3971 1079 4025 licoris
1108 3971 1133 4023 O

76 4059 234 4127 Smyrrum
256 4058 324 4110 M*
351 4061 471 4112 mustum
491 4057 532 4108 11²
635 4057 669 4112 10
689 4059 760 4111 teste
782 4058 821 4108 Πι
924 4056 1024 4126 aliquit
1045 4058 1077 4109 Π
1081 4058 1132 4125 (Σ)

77 4145 107 4197 11
127 4143 274 4212 conspiciat
291 4143 331 4196 11ι
426 4143 499 4213 quia]
518 4143 564 4212 qui
582 4145 611 4195 Σ
708 4142 965 4198 lamententur
1061 4145 1093 4197 13
1111 4159 1200 4212 pecca·

78 4231 144 4284 toria
165 4231 205 4282 ΠΙ
308 4232 342 4285 15
363 4235 511 4299 ungentum
531 4229 561 4282 Π
577 4230 618 4284 bia
720 4231 790 4298 proi.
807 4229 837 4281 Π
938 4230 970 4284 11
987 4229 1081 4284 horam
1099 4231 1127 4282 Σ
1155 4236 1201 4284 ora

80 4315 118 4378 Π,
142 4318 354 4370 aduram
440 4317 473 4371 18
491 4316 584 4370 acribt.
603 4319 638 4369 Τ·
728 4316 760 4370 19
772 4315 931 4370 seruauitll
1011 4313 1133 4385 a1qu0

81 4401 199 4456 mnebras
217 4404 246 4454 Σ
346 4403 381 4456 22
397 4403 478 4458 belial
495 4401 617 4458 wrov

128 4505 206 4561 XIII·
241 4521 300 4566 cm.
315 4528 334 4567 z.
1059 4505 1092 4558 27
