3009 5200
274 440 338 506 634
602 461 603 467 “
666 436 828 494 Iohannis
846 437 1002 492 Cassiani

274 631 360 696 linari
389 649 449 696 non
480 647 568 714 posse
599 631 765 710 eognosoat
793 629 827 692 et
856 645 874 692 a
903 627 1002 692 tanne
1034 631 1229 710 peecatorum
1263 627 1394 694 nexibus

273 737 379 800 credat
402 733 469 798 sola
490 733 606 798 domini
620 731 722 814 grstia
737 731 943 822 liberandum,
962 729 1187 812 oumapostolo
1202 733 1393 812 proclamare

273 856 333 903 non
365 837 494 903 desinit:
524 835 667 902 infelix
697 853 768 918 ego
790 835 916 911 homor
938 835 1028 915 quis
1050 853 1105 901 me
1128 832 1326 900 liberabit
1348 837 1395 904 rie

273 959 436 1024 corpore
467 941 606 1004 mortis
637 937 779 1005 huius?
808 939 937 1020 gratia
960 936 1023 1002 dei
1045 955 1113 1020 per
1135 937 1263 1002 lesum
1285 937 1395 1004 Chri·

273 1049 372 1109 stum
397 1043 598 1108 dominnm
621 1043 807 1108 nostruin.
1418 1070 1431 1106 e

313 1161 419 1226 Xllll.
442 1161 523 1226 Nam
546 1176 614 1224 oum
639 1160 799 1241 apostolus
824 1160 940 1225 Paulus
960 1159 1223 1225 inaestimabilem
1244 1161 1393 1245 abyssum

272 1265 419 1348 puritatis
454 1263 670 1328 resistentibus
709 1263 934 1346 cogitationum
977 1261 1112 1327 aestibus
1155 1266 1310 1345 penetrari
1351 1265 1393 1330 ab

272 1369 395 1432 homins
418 1385 476 1432 non
499 1383 588 1447 posse
611 1383 796 1450 cognosoons
818 1365 873 1430 diu
898 1365 987 1431 uelut
1009 1385 1064 1448 per
1084 1366 1238 1448 profunda
1259 1369 1395 1435 laetatus

271 1473 343 1537 ante
373 1469 518 1536 dixisset:
549 1489 622 1536 non
650 1469 749 1534 enim
779 1471 877 1550 quod
906 1469 995 1534 nolo
1020 1469 1123 1534 iasio
1146 1471 1305 1555 bonum,
1325 1473 1395 1537 sed

133 1563 137 1572 '
272 1573 370 1656 quod
392 1575 456 1638 odi
479 1572 640 1650 malum,
664 1571 733 1635 hoo
754 1589 840 1653 ago,
868 1574 902 1635 et
922 1589 1062 1636 rursum:
1085 1573 1119 1636 si
1140 1573 1269 1638 antem
1293 1577 1432 1656 quodne

271 1677 376 1754 nolo,
398 1677 608 1758 beolario,
631 1675 708 1740 iam
731 1691 804 1740 non
827 1669 1184 1758 egooperorillud
1206 1677 1269 1741 sed
1291 1678 1395 1758 quod

273 1779 428 1845 habitat
461 1782 497 1844 in
532 1781 830 1859 mopseustiam,
860 1781 911 1841 ets
941 1777 1197 1842 oondeleoton
1229 1779 1308 1861 legi
1330 1779 1396 1844 dei

272 1885 482 1949 seeundum
505 1882 744 1948 interiorem
765 1881 974 1956 bominem,
989 1882 1254 1946 uideoautem
1269 1883 1394 1948 aliam

271 1987 394 2070 legem
423 1987 462 2051 in
493 1983 679 2050 membris
707 1985 806 2049 meis
835 1986 1121 2067 repugnantem
1143 1985 1223 2066 legi
1245 1987 1395 2051 mentis

270 2107 376 2155 meae
408 2092 445 2155 'et
477 2089 678 2172 captiuum
716 2107 773 2152 me
805 2089 1015 2154 dueentem
1048 2089 1088 2151 in
1122 2087 1210 2170 lege
1235 2091 1432 2168 peooatine
1494 2080 1497 2085 ⁴

271 2211 369 2276 quae
389 2194 452 2257 est
472 2195 512 2258 iu
534 2190 715 2256 membris
737 2190 848 2272 meis,
880 2191 1004 2255 omnino
1034 2191 1086 2255 uel
1107 2209 1165 2255 ene
1186 2191 1239 2256 uel
1259 2192 1395 2258 naturae

267 2295 368 2377 ipsius
390 2295 561 2378 fragilitate
583 2296 753 2377 perspecte,
778 2301 845 2358 tam
868 2294 1031 2359 inmensae
1050 2292 1228 2358 altitudinis
1241 2295 1395 2360 nantitme

271 2399 465 2473 oontsrritus
496 2397 534 2461 ad
565 2397 760 2462 tutissimum
783 2398 908 2478 portum
929 2395 1031 2461 diuini
1051 2394 1195 2479 onningit
1215 2398 1336 2474 auxilii,
1359 2401 1395 2462 et

268 2503 356 2584 quasi
386 2505 423 2567 de
452 2501 571 2581 nauigii
599 2501 647 2564 sui
678 2499 824 2565 oneribus
853 2500 1055 2566 mortalitatis
1085 2500 1227 2582 oppressi
1252 2501 1392 2566 naturali

269 2606 452 2670 infirmitate
472 2608 638 2687 desperans
661 2604 701 2669 ab
721 2600 760 2669 en
783 2604 831 2669 eui
856 2604 1041 2691 inpossibile
1062 2604 1145 2669 nihil
1169 2606 1216 2669 est
1230 2589 1432 2686 naufragi-ao

269 2726 356 2773 onum
386 2707 523 2773 remedia
551 2706 742 2789 depreeatur,
775 2725 846 2772 enm
869 2706 1002 2789 quodam
1023 2706 1194 2772 miserabili
1216 2707 1391 2773 uociferans

269 2802 426 2876 heiulatu:
461 2810 603 2873 infelix
636 2828 705 2891 ego
739 2810 864 2874 borno:
898 2808 987 2891 quis
1020 2827 1077 2874 me
1111 2808 1390 2891 liberabitis

269 2916 432 2993 eorpore
467 2912 609 2979 mortis
645 2912 787 2977 huiusi
822 2914 993 2993 statimque
1022 2911 1261 2989 absolutionem,
1294 2931 1391 2995 quam

270 3012 447 3095 desperarit
468 3015 506 3079 de
534 3014 741 3080 interillitate
770 3014 909 3091 nautae,
938 3014 978 3078 oe
999 3014 1049 3079 <lei
1079 3016 1273 3095 benignitate
1300 3033 1391 3097 prae·

269 3117 404 3198 sumpsit
441 3116 629 3182 eouiidsutsr
663 3116 853 3198 adiungens:
889 3116 1023 3199 gratia
1058 3117 1121 3181 dei
1156 3137 1225 3200 per
1261 3118 1432 3185 Iesnmrr

269 3218 469 3284 (insistam
487 3219 687 3284 dominum
709 3220 896 3283 nostrum.
944 3264 949 3271 ·

367 3458 481 3513 tillem.
501 3458 524 3521 7,
542 3459 643 3513 21-25
746 3457 806 3511 91.
822 3473 844 3512 o.
864 3458 897 3513 19
1000 3458 1168 3518 roseae
1270 3460 1304 3515 12
1328 3461 1389 3514 tr.

268 3542 370 3597 22-23
472 3543 581 3599 2211.
601 3544 635 3597 24
735 3542 805 3601 251.
824 3558 846 3597 o·
864 3544 899 3599 26

320 3766 488 3833 ipeooatoni
511 3766 541 3820 F
640 3766 807 3823 ³liberauit
830 3766 887 3822 BF
992 3768 1245 3823 binextimabilern
1268 3768 1390 3823 abissum

268 3850 293 3905 0
393 3851 481 3920 Sper]
500 3850 587 3907 uelo
690 3850 722 3906 12
739 3852 904 3908 eondileetor
922 3852 962 3907 K*
1061 3855 1121 3923 lege
1138 3852 1177 3909 F¹
1280 3856 1314 3909 16
1331 3872 1390 3911 om·

267 3936 341 4007 uiuo]
360 3938 433 3991 omul
448 3938 489 4007 lia
593 3938 625 3993 17
643 3940 820 4007 pmepeotaO
922 3940 1079 3997 natitatem
1095 3940 1138 3995 11¹
1242 3942 1275 3997 18
1292 3946 1320 3997 et
1336 3959 1389 3999 osa.

266 4020 296 4079 F
397 4022 429 4080 19
452 4022 589 4090 uulragii
612 4021 691 4079 BFO
791 4026 910 4095 opproeai
927 4024 1004 4083 K‘o:
1032 4041 1171 4095 oppressus
1189 4024 1315 4081 BFK'Z
1340 4026 1389 4083 ab·

267 4108 415 4177 preseueO
516 4108 550 4161 20
568 4106 750 4177 disperaueZ
849 4112 880 4165 21
905 4111 1060 4179 depreeatur
1077 4111 1145 4167 BF:
1173 4111 1390 4183 deprpeamurO

266 4191 384 4259 dsposuit
399 4192 439 4263 βυ
462 4192 495 4258 es.
514 4192 608 4258 XIII,
627 4198 687 4259 6‚4
773 4194 927 4253 2211111111
947 4196 1038 4251 OK’Z
1120 4196 1246 4251 liberauit
1264 4197 1323 4251 BF

267 4276 300 4330 23
318 4276 430 4334 absolut
454 4278 484 4333 F
583 4279 617 4333 24
640 4280 832 4338 iuneouillitate
854 4280 884 4335 F
910 4282 1071 4337 inbieill.Z
1170 4282 1205 4337 25
1224 4284 1392 4342 confidenter

266 4362 413 4430 adiungens
432 4379 482 4417 om.
501 4364 557 4419 BF
1183 4367 1187 4373 ’
