3009 5200
277 431 323 497 20
672 427 840 484 Iohannis
858 429 1014 485 Cassiani

247 617 421 686 dleetitie?
453 618 528 701 qnid
562 619 645 683 enim
674 619 739 683 tam
764 618 926 701 proprium
953 635 1046 684 uerae
1064 617 1250 684 beatitudini
1279 623 1409 703 temque

280 721 465 788 conueniens
489 737 584 804 quem
607 720 823 803 tanquillitas
844 720 928 805 iugis
943 722 975 786 st
989 719 1140 805 gaudium
1154 722 1408 805 sempiternum?

280 826 312 889 et
341 827 377 888 ut
405 823 463 890 boo
491 826 595 908 ipsum
624 822 705 906 quod
730 822 865 889 dicimus
886 823 936 888 ite
956 841 1023 889 esse
1044 841 1106 888 non
1127 841 1197 890 mse
1217 825 1407 903 coniectura,

279 930 333 993 sed
354 928 452 1010 ipsius
474 925 592 993 domini
614 925 802 992 auctoritate
823 925 938 992 certius
955 926 1128 1004 instruaris,
1152 925 1225 993 audi
1239 945 1312 992 enm
1327 945 1408 1010 que·

279 1029 405 1096 liutem
420 1029 452 1095 et
463 1028 585 1096 'statum
600 1029 710 1095 mundi
724 1028 814 1094 illins
827 1029 1022 1112 apertissime
1037 1029 1280 1096 describentem:
1298 1048 1408 1106 eece,
1429 1051 1448 1092 a

279 1131 392 1216 mount,
422 1150 491 1217 ego
520 1149 605 1198 creo
635 1131 766 1197 caelos
795 1149 931 1210 nouos,
962 1134 1001 1199 et
1021 1136 1169 1199 terrem
1191 1123 1345 1200 nonem:
1369 1138 1409 1199 et

279 1253 352 1302 non
367 1237 482 1301 erunt
495 1235 534 1300 in
549 1233 736 1300 memorie
752 1235 897 1318 priore,
915 1253 1038 1319 neque
1053 1237 1273 1302 ascendent
1287 1255 1409 1321 snper

281 1358 354 1406 eor.
391 1340 456 1405 sed
477 1337 706 1424 gaudebitis
729 1339 770 1402 et
791 1337 1037 1404 exultabitis
1058 1356 1178 1422 usqne
1201 1339 1242 1404 in
1264 1340 1407 1426 sempi-

280 1446 436 1508 ternum
456 1441 497 1506 in
518 1440 596 1522 bis,
619 1457 714 1524 ques
737 1457 805 1524 ego
826 1457 923 1506 creo.
945 1442 1135 1507 strumum:
1157 1442 1346 1526 gandium
1368 1448 1410 1508 st

278 1545 443 1612 laetitia
470 1543 702 1611 inuenietur
731 1542 773 1608 in
801 1561 859 1622 ee,
889 1541 1114 1626 gratiarum
1143 1545 1251 1610 ectio
1273 1545 1313 1610 et
1334 1563 1451 1612 nono

279 1647 422 1714 leudis.
460 1647 498 1712 et
527 1647 607 1712 erit
639 1647 788 1713 mensis
818 1665 860 1712 ex
888 1665 1037 1727 mense,
1071 1649 1110 1712 et
1130 1647 1342 1714 sabbatum
1364 1667 1409 1714 ex

279 1751 456 1818 sabbato.
481 1749 1409 1836 etiterum:gaudiumetlaetitiamobtinobunt‚

248 1854 414 1938 biugiet
436 1853 548 1920 dolor
571 1856 609 1918 et
629 1853 818 1936 gemitus.
850 1855 884 1921 et
903 1854 930 1920 si
953 1853 1056 1920 adhuc
1078 1854 1191 1922 clarius
1206 1854 1408 1921 deilleeon-

279 1956 455 2022 uersetione
477 1958 509 2021 et
538 1956 666 2021 ciuitate
698 1959 877 2024 sanctorum
909 1957 1007 2024 uultis
1036 1975 1212 2040 agnoscere,
1242 1957 1407 2024 adtendite

280 2077 359 2143 quae
373 2059 412 2124 ed
427 2061 526 2143 ipsam
541 2059 738 2125 Hierusalem
753 2078 829 2126 uooe
844 2060 962 2126 domini
978 2061 1168 2146 dirigentur:
1190 2063 1228 2126 et
1248 2079 1408 2144 ponam,
1418 2084 1449 2125 ne

279 2164 391 2247 inquit,
408 2162 689 2227 uisitationem
708 2163 819 2228 tuem
834 2181 983 2246 pacem,
1000 2165 1037 2228 et
1052 2163 1302 2247 praepositos
1317 2165 1409 2230 tuos

280 2263 493 2332 iustitiam.
530 2280 604 2328 non
638 2263 822 2330 eudiotur
855 2267 968 2331 ultra
999 2265 1200 2348 iniquitas
1228 2266 1410 2333 interra

280 2371 366 2452 tue,
388 2367 564 2432 uastitas
586 2367 624 2431 et
645 2366 839 2433 contritio
860 2369 901 2432 in
920 2368 1106 2433 terminis
1121 2369 1220 2454 tuis,
1240 2372 1278 2434 et
1293 2387 1409 2436 oceu-

281 2473 394 2558 pabit
422 2472 532 2536 selus
560 2487 687 2535 muros
719 2472 823 2551 tuos,
853 2476 892 2537 et
920 2473 1058 2555 portes
1090 2475 1181 2537 tues
1212 2471 1408 2538 laudatio.

281 2589 356 2642 non
386 2575 461 2641 erit
488 2571 565 2639 tibi
593 2573 764 2656 amplius
793 2574 851 2639 sol
881 2574 927 2641 ad
956 2574 1166 2643 lucendum
1195 2594 1261 2660 per
1282 2577 1449 2655 diem‚ao

280 2697 352 2747 neo
384 2676 573 2763 splendor
607 2675 725 2741 lunae
756 2677 1021 2744 inluminabit
1050 2680 1102 2745 te:
1131 2680 1198 2743 ssd
1225 2680 1304 2744 erit
1325 2678 1408 2745 tibi

281 2779 460 2850 dominus
493 2781 531 2844 in
563 2777 688 2843 lucem
720 2779 1017 2861 sempiternam,
1053 2782 1211 2847 obdens
1245 2784 1339 2847 tuus
1366 2782 1410 2846 in

281 2884 449 2969 gloriam
470 2882 587 2947 tuem.
625 2897 700 2944 non
722 2880 878 2945 occidet
905 2882 1016 2948 ultre
1037 2882 1099 2948 sol
1120 2888 1226 2963 tuns,
1249 2887 1289 2950 et
1310 2884 1411 2950 luna

281 2989 348 3053 tna
369 3002 441 3051 non
462 2984 681 3050 minuetur:
698 2982 863 3049 sederit
878 2984 1410 3070 dominusinlnoemesmpi·

251 3086 451 3165 liternum,
479 3088 517 3152 et
544 3085 841 3169 oonplebnntur
872 3088 957 3153 dies
977 3090 1113 3155 luctus
1134 3089 1204 3158 tui.
1238 3090 1270 3155 et
1291 3088 1447 3157 idcircone

282 3194 392 3259 beatus
415 3191 573 3273 apostolus
595 3207 658 3257 non
677 3190 864 3273 generaliter
877 3208 976 3273 neque
990 3191 1174 3274 simpliciter
1190 3209 1282 3257 omne
1297 3192 1410 3277 gaudi-

282 3314 337 3360 um
363 3311 495 3377 regnum
522 3292 573 3357 dei
601 3310 669 3358 esse
694 3293 887 3375 pronuntiet,
909 3294 964 3359 sed
986 3294 1147 3379 signanter
1169 3314 1206 3361 ao
1227 3296 1409 3379 specialiter

283 3399 362 3465 illud
384 3398 486 3463 solum
509 3396 591 3479 qnod
613 3396 647 3462 in
670 3396 785 3479 spiritu
808 3398 917 3462 sancto
939 3398 996 3462 est.
1034 3398 1122 3463 nouit
1142 3398 1224 3464 enim
1238 3416 1306 3463 esse
1319 3398 1409 3463 eliud

282 3518 403 3585 quoque
426 3499 632 3584 uituperebile
655 3498 816 3583 gaudium,
846 3498 885 3564 de
907 3517 968 3581 quo
990 3497 1120 3565 dieiturz
1143 3498 1411 3566 mundusisto

283 3604 486 3689 gaudebit,
510 3608 556 3670 et:
579 3621 647 3669 nes
669 3603 776 3669 uobis
799 3603 867 3685 qni
888 3602 1048 3681 ridetis,
1071 3602 1450 3686 quieplorebitis.eo

386 3774 402 3828 5
420 3774 492 3829 Emi.
504 3773 546 3838 66,
559 3773 661 3827 11-18
735 3774 752 3827 9
770 3772 842 3830 Beni.
855 3773 898 3837 51,
909 3774 935 3826 b
953 3773 995 3837 66,
1007 3771 1041 3825 23
1118 3772 1152 3825 12
1170 3772 1241 3826 bisai.
1253 3773 1297 3839 eb,
1310 3771 1343 3826 10

284 3860 318 3913 15
340 3858 413 3914 Esai-
434 3860 478 3925 60,
502 3858 605 3913 17-20
706 3859 740 3913 26
763 3858 798 3913 cf.
816 3858 891 3912 Rom
914 3857 956 3923 14,
974 3856 1006 3911 17
1109 3857 1144 3912 29
1166 3858 1225 3913 Iob.
1250 3858 1291 3923 16,
1309 3858 1345 3913 20

283 3945 319 4000 30
336 3946 399 4000 Luc.
418 3946 443 4010 6,
463 3944 498 3999 26

337 4102 351 4154 1
367 4102 531 4155 beatitudine
542 4100 582 4156 D¹
609 4099 786 4154 beatitudinis
801 4098 850 4156 W¹
946 4098 1146 4169 deuotoritete]
1160 4097 1301 4153 uoluntate
1314 4100 1344 4153 D

284 4185 472 4255 61666161)ι
570 4186 681 4239 lerant
697 4184 738 4239 D¹
828 4183 982 4238 memoriam
1000 4184 1071 4241 DW
1161 4183 1284 4238 ascendet
1301 4184 1344 4237 Χ·

285 4272 318 4327 16
335 4272 432 4342 inquid
450 4272 521 4329 DW
601 4270 633 4325 18
649 4271 776 4340 uastitas]
794 4269 894 4325 uerius
910 4270 952 4324 D¹
1028 4270 1169 4339 ooonpeuit
1187 4270 1217 4325 D
1293 4269 1327 4324 23
1344 4269 1414 4324 occi·

283 4358 385 4413 ditD¹
488 4355 657 4413 28611661)
759 4354 935 4411 eoueDW
