3009 5200
259 426 323 493 522
649 423 993 481 lobannis-Cassiani

230 616 310 682 3cui
333 632 404 679 cum
427 613 554 679 domum
585 614 735 679 abductae
763 614 909 678 omuibus
939 612 1110 678 descruirst
1131 612 1296 694 obsequiis,
1318 612 1384 676 uir·

259 724 360 785 tutem
393 720 564 785 modestiae
591 719 657 783 sius
687 736 724 785 ec
750 718 890 783 leuitatis
920 721 1048 799 experta
1078 717 1248 800 uidensque
1277 736 1312 782 se
1343 718 1384 783 ab

259 824 326 904 ipsa
348 822 515 885 momentis
538 820 672 905 singulis
694 822 865 905 gratimum
891 822 1014 886 actione
1034 836 1090 901 pro
1113 818 1215 883 officio
1238 820 1383 895 bumaui·

260 926 336 989 tetis
359 923 509 1005 honorari,
533 927 603 1008 post
625 925 690 989 dies
712 941 825 1007 pancos
848 923 890 989 ad
910 924 1119 988 memoratum
1140 940 1267 987 reuersa
1279 924 1385 1004 pontu

259 1026 359 1104 licem,
390 1044 581 1109 regenerem,
605 1025 718 1109 inquit,
746 1030 785 1090 ut
805 1025 884 1089 mibi
906 1026 976 1090 deri
997 1026 1189 1109 praeciperes
1210 1042 1304 1108 quam
1326 1046 1384 1110 ego
1406 1042 1420 1081 ι

257 1130 417 1196 reticerem
439 1132 471 1195 et
499 1132 548 1194 cui
576 1128 737 1213 morigeris
765 1128 936 1194 famularer
967 1128 1136 1209 obsequiis.
1174 1146 1307 1211 cumque
1329 1131 1384 1194 ills

259 1233 388 1298 necdum
417 1233 609 1315 propositum
640 1231 775 1297 feminee
802 1230 1054 1300 dedesiderium
1081 1231 1266 1314 intellegens
1288 1233 1382 1297 aesti-

259 1340 375 1401 masset
397 1335 580 1419 petitionem
602 1336 668 1400 eius
691 1333 941 1399 dissimulatione
963 1335 1133 1416 praepositi
1148 1334 1243 1399 inisse
1258 1336 1384 1419 neglec-

258 1441 335 1518 mm,
359 1456 528 1521 canemque
550 1455 654 1504 meree
676 1437 762 1502 illius
784 1454 846 1501 nou
867 1436 984 1520 absque
999 1438 1098 1503 animi
1113 1439 1162 1503 sui
1177 1440 1383 1504 commotione

259 1540 441 1624 perquirens
471 1543 613 1624 protinus
638 1541 818 1624 agnouisset
841 1540 1048 1605 honestiorem
1071 1544 1099 1606 ei
1120 1543 1232 1607 ceteris
1251 1542 1381 1607 uiduam
1391 1568 1418 1609 ιο

259 1647 451 1726 deputatum,
485 1643 605 1709 occulte
637 1643 795 1726 praecepit
828 1647 864 1714 ut
897 1662 933 1708 ee
966 1643 1015 1708 illi
1043 1661 1122 1727 quae
1152 1648 1234 1709 esset
1260 1648 1382 1712 cunctis

259 1747 389 1829 nequior
418 1748 602 1827 malmetun,
634 1764 713 1829 quae
743 1746 868 1811 scilicet
895 1746 946 1811 uel
973 1746 1136 1814 iracundie
1163 1747 1214 1812 uel
1235 1747 1310 1813 rixis
1330 1751 1381 1813 uel

259 1850 430 1915 uiuoleutia
456 1868 509 1915 seu
533 1850 720 1915 uerbcsitate
743 1854 873 1914 cunctas
901 1848 1021 1931 quibus.
1038 1849 1217 1915 baecuitie
1240 1852 1381 1917 domina-

228 1956 366 2021 4rentur
387 1954 556 2020 excederet.
594 1970 686 2036 quem
709 1971 780 2017 cum
806 1953 907 2018 multo
928 1951 1056 2017 facilius
1074 1954 1237 2018 inuentam
1258 1954 1382 2037 sibique

259 2058 405 2123 traditum
427 2056 512 2123 demi
534 2055 650 2121 babere
672 2056 822 2138 coepisset
844 2058 938 2138 atque
961 2056 1069 2121 sedem
1090 2057 1119 2121 ei
1132 2056 1300 2140 diligentia
1320 2076 1417 2140 quau

257 2160 354 2243 priori
377 2159 426 2225 illi
449 2160 562 2225 uiduae
585 2161 635 2224 uel
658 2159 753 2224 etiem
776 2158 947 2223 studiosius
974 2159 1177 2239 ministraret,
1200 2160 1258 2226 boc
1278 2160 1380 2225 selum

256 2262 298 2327 ab
329 2281 367 2328 es
398 2282 454 2346 pro
486 2264 584 2327 tantis
617 2262 774 2345 obsequiis
807 2262 979 2344 recipiebat
1012 2263 1140 2345 gratiae,
1176 2266 1216 2328 ut
1245 2265 1382 2349 indignis

257 2368 374 2449 iugiter
395 2366 580 2432 adficeretur
601 2366 733 2444 iniuriis,
761 2368 911 2433 conuiciis
933 2384 1055 2449 quoque
1075 2366 1116 2431 ab
1140 2386 1177 2433 ee
1190 2366 1380 2449 exprobrati-

258 2470 428 2553 onibusquc
471 2470 627 2535 continuis
671 2471 845 2545 serenetur,
889 2470 1043 2535 obiciente
1085 2472 1113 2535 ei
1150 2473 1183 2535 et
1218 2472 1381 2536 maledicis

257 2572 534 2640 obtrectationibus
555 2574 747 2656 increpante,
778 2592 814 2639 eu
835 2573 917 2656 quod
939 2591 1008 2638 eam
1029 2590 1091 2638 ucn
1112 2576 1152 2639 ed
1173 2574 1414 2660 refrigerium„

257 2676 312 2741 sed
327 2675 431 2759 potius
447 2676 487 2742 ad
501 2676 672 2742 cruciatum
689 2681 722 2741 et
736 2677 958 2742 contumeliam
977 2677 1176 2760 abepiscopo
1188 2680 1380 2761 poposcisset

257 2780 419 2864 magisque
439 2799 472 2845 se
494 2783 533 2846 de
546 2779 652 2862 requie
667 2781 707 2844 ad
723 2779 863 2844 laborem
881 2797 974 2862 quam
990 2780 1029 2844 de
1044 2780 1150 2845 labore
1165 2782 1380 2848 transtulisset

257 2884 296 2947 ad
319 2883 469 2965 requiem.
507 2901 577 2948 cum
600 2901 673 2967 ergo
696 2882 872 2948 adsiduitas
886 2883 1059 2965 iurgiorum
1075 2901 1111 2948 eo
1125 2902 1223 2966 usque
1236 2903 1380 2967 prerum-

256 2989 352 3067 peret,
386 2989 422 3051 ut
454 3006 494 3052 ne
522 2989 561 3053 ab
591 2986 764 3053 obiectione
793 2987 920 3069 quidem
949 3005 1099 3052 manuum
1128 3005 1238 3071 procer
1267 2989 1381 3055 mulier

256 3093 454 3171 temperaret,
484 3089 542 3154 illa
570 3093 676 3156 autem
705 3090 883 3155 humilioris
911 3089 1051 3172 obsequii
1072 3092 1253 3171 geminaret
1265 3091 1416 3170 ciliciae

256 3207 318 3255 nou
349 3191 505 3259 furentem
533 3195 657 3259 uincere
687 3194 856 3270 renitendo,
885 3195 938 3259 sed
967 3199 1067 3260 semet
1096 3195 1198 3277 ipsam
1228 3195 1385 3260 humilius·

255 3294 433 3362 subiciendo
470 3297 617 3376 bombat,
655 3302 691 3362 ut
727 3296 924 3362 multimodis
956 3298 1199 3380 indignitatibus
1234 3301 1383 3365 lacessita

304 3601 486 3657 iocose-B
584 3600 1103 3669 tonersriB¹KZ¹20fiiafrc§.5
1203 3606 1377 3673 reuersum⁴

255 3711 347 3766 gressa
365 3695 402 3762 R)
421 3695 573 3764 pontificem
596 3693 720 3753 BFOR:
749 3697 899 3751 reuertitur
921 3696 1083 3752 mrdoum
1105 3697 1142 3767 βο
1243 3699 1261 3753 b
1281 3697 1376 3768 inquid

258 3789 309 3849 OB
335 3790 458 3858 iuquiens
474 3789 512 3859 lic
610 3790 785 3861 bmorigeris
803 3791 890 3862 cmi
984 3793 1148 3863 8propcsiti
1170 3792 1222 3850 OB
1315 3807 1379 3861 neg·

252 3885 336 3942 lectas
355 3883 392 3939 B¹
423 3885 568 3940 neclectam
585 3883 641 3941 FO
732 3886 766 3942 10
783 3886 940 3941 scneuiseet
951 3885 992 3942 B¹
1089 3887 1121 3942 13
1134 3891 1199 3957 posi
1216 3886 1379 3942 uerbositetc

253 3979 426 4050 αάἀυκῠβοι
443 3979 618 4050 etquectiam
631 3981 752 4038 uenture
834 3981 1066 4038 ldexcidsretK¹
1144 3979 1312 4051 enecone-13

255 4073 288 4132 16
309 4073 422 4141 primori
444 4073 486 4132 K’
592 4075 624 4130 19
648 4073 833 4134 obiciente..¹
847 4076 1001 4144 increpante
1024 4075 1106 4133 Bm:
1136 4074 1379 4133 obtunderis-

253 4167 387 4236 crepentis
403 4165 520 4242 F¹OBli
612 4169 722 4228 boetem
740 4169 865 4226 aecae
890 4186 922 4224 se
934 4171 977 4241 βυ
1068 4172 1102 4226 21
1121 4169 1251 4240 precinct
1266 4167 1306 4226 Ρ
1332 4184 1378 4237 pe-

252 4266 385 4331 posceeeet
402 4263 444 4318 Ε*
529 4259 564 4318 24
582 4264 730 4322 obiectione
745 4266 816 4323 BF:
841 4267 986 4322 iniectioue
1001 4265 1104 4336 Bolis
1186 4265 1222 4320 st
1237 4263 1379 4323 retium

253 4355 337 4411 BFO
437 4355 475 4410 bi.
490 4356 725 4426 indignationibus
742 4359 771 4413 Ζ
