3009 5200
334 466 400 535 306
725 463 889 519 Iohannis
910 462 1066 521 cessioni

334 654 434 722 oordis
456 672 614 720 exeossum
635 652 818 737 inexplebili
840 655 967 737 spiritns
981 654 1143 721 moriente
1157 654 1320 739 protertur,
1343 673 1455 739 quam·

335 775 395 844 qne
426 774 514 824 mons
547 762 634 823 extra
666 775 772 824 omnes
800 776 909 825 sensus
934 777 972 823 ao
1000 757 1140 825 risibiles
1168 758 1280 825 elleota
1308 760 1455 825 materies

334 859 504 945 gemitibus
526 860 784 935 inenarrabilibus
806 865 900 945 atque
929 861 1070 945 suspiriis
1097 861 1257 945 profundit
1284 861 1322 927 ad
1350 864 1454 929 deum.

376 981 449 1047 XII.
478 998 678 1049 nummus:
710 981 782 1047 tlon
815 982 915 1049 solum
949 981 1039 1049 nobis
1073 980 1272 1049 inditionem
1304 982 1454 1064 spiritalis

334 1085 425 1151 buius
445 1103 542 1167 quam
562 1084 758 1167 poposcimus
781 1083 975 1167 dieniplinae
998 1084 1054 1149 ssd
1076 1083 1176 1167 ipsam
1199 1084 1290 1165 plane
1307 1084 1452 1167 porfooti-
1474 1104 1487 1145 e

333 1205 423 1255 onem
449 1186 531 1254 eatis
556 1190 663 1269 aperte
690 1190 785 1268 etque
814 1186 948 1255 dssooide
981 1190 1127 1269 putamus
1161 1204 1341 1268 expressam
1379 1186 1454 1270 qnid

334 1291 417 1360 onim
444 1291 641 1375 potestesse
670 1290 840 1371 perfectius
870 1292 983 1372 quidue
1009 1289 1174 1361 sublimius
1196 1308 1290 1372 qnam
1312 1290 1364 1355 dei
1388 1310 1452 1357 mo·

332 1395 465 1462 moriam
492 1401 560 1457 tam
586 1391 792 1473 oonpendiosa
818 1391 1019 1459 meditatione
1048 1391 1201 1475 oonpleoti
1233 1398 1328 1476 atque
1359 1393 1453 1459 unius

333 1496 481 1563 noreiouli
510 1495 704 1563 uolutatione
729 1512 749 1560 a
777 1494 897 1562 eunetis
926 1494 1099 1565 nisibilium
1129 1496 1271 1567 terminis
1303 1500 1454 1582 emigrare

332 1605 366 1667 et
387 1598 614 1701 quodammodo
639 1596 769 1665 adestne
796 1597 972 1666 orationum
1001 1600 1183 1665 ennomrnnr
1206 1600 1292 1669 brool
1311 1618 1487 1665 sermonen

332 1702 537 1769 oonoludere?
563 1704 597 1767 et
623 1699 740 1766 ideireo
762 1718 859 1768 uuum
888 1704 969 1783 quod
989 1704 1132 1783 superest
1154 1702 1253 1769 adbuc
1275 1702 1363 1768 nobis
1385 1722 1452 1786 pre-

333 1824 441 1873 oemur
460 1802 578 1885 erponi,
599 1804 862 1885 quemadmodum
890 1803 972 1875 buno
992 1804 1125 1873 eundem
1151 1804 1338 1875 uersiculum
1363 1824 1452 1889 quem

333 1909 423 1975 nobis
445 1908 514 1973 otoo
535 1906 688 1976 femmae
711 1907 870 1975 tradidisti
892 1906 1049 1975 stabilitor
1072 1910 1206 1978 roomo
1228 1908 1395 1991 possimne,
1419 1913 1452 1973 ut

333 2012 415 2077 deut
446 2028 501 2093 per
536 2010 586 2076 dei
619 2009 757 2093 matiam
793 2028 902 2077 sumus
932 2028 952 2077 a
977 2010 1187 2080 saeoularium
1225 2011 1452 2095 mgitalionum

335 2114 461 2197 ineptiis
481 2112 617 2191 liberati.
638 2114 685 2179 ita
706 2112 864 2195 spiritales
885 2131 1026 2196 quasque
1043 2112 1236 2181 inmobiliter
1250 2116 1484 2184 retentemusa

375 2236 466 2301 XIII.
493 2233 573 2300 cum
600 2234 683 2299 enim
712 2234 887 2318 eapitulum
912 2232 1080 2301 onimbbot
1100 2234 1214 2317 psalmi
1237 2252 1324 2300 mens
1347 2236 1452 2299 nostra

333 2338 518 2423 oonoepen't,
549 2337 772 2403 insensibiliter
799 2355 835 2402 oo
863 2338 1021 2403 subtraoto
1053 2338 1093 2403 ad
1120 2338 1250 2405 alterins
1282 2338 1452 2421 seripturae

333 2444 455 2507 tortum
476 2441 617 2507 audens
637 2444 829 2524 stupensque
843 2440 1029 2506 deuoluitur.
1064 2458 1197 2523 eumque
1213 2441 1289 2507 illud
1305 2440 1340 2505 in
1353 2442 1452 2505 semet

331 2548 402 2630 ipsa
432 2544 567 2628 eoeperit
599 2544 749 2620 uolutare,
786 2546 918 2610 umam
951 2544 1004 2612 illo
1037 2542 1076 2609 ad
1108 2544 1266 2629 integrum
1301 2542 1450 2610 uentileto

334 2649 442 2717 oborta
471 2647 603 2714 alterins
635 2647 806 2712 testimonii
843 2647 993 2712 memoria
1029 2648 1265 2714 meditationem
1301 2647 1482 2712 materiae»

332 2753 445 2836 prioris
471 2750 619 2817 excludit.
657 2751 695 2816 de
722 2751 781 2816 bae
809 2769 929 2834 quoquo
951 2752 990 2816 ad
1013 2751 1145 2818 alteram
1170 2751 1368 2817 subintrante
1389 2751 1451 2815 alia

334 2854 536 2922 meditatione
568 2853 767 2937 mandatur,
799 2855 832 2919 st
864 2853 910 2919 ita
941 2856 1065 2920 animus
1099 2873 1220 2937 semper
1257 2855 1296 2920 ds
1332 2853 1450 2938 psalmo

333 2961 455 3024 rotatus
476 2957 516 3023 ad
537 2958 704 3042 minum,
728 2957 769 3022 de
791 2957 948 3041 euangelii
971 2961 1059 3024 textu
1072 2959 1112 3024 ed
1129 2957 1259 3042 apostoli
1275 2959 1450 3023 trmsiliens

334 3061 509 3136 leotionem,
537 3062 575 3125 de
596 3061 656 3126 beo
682 3077 803 3142 qnoque
824 3061 864 3125 ad
886 3061 1065 3144 prophetiae
1089 3062 1254 3128 deuolutus
1277 3061 1400 3144 eloquin
1420 3058 1450 3122 et

333 3165 441 3230 exinde
476 3163 516 3228 ed
552 3161 703 3246 quosdam
733 3163 892 3245 spiritales
926 3164 1051 3230 delatus
1088 3164 1235 3230 historias
1270 3181 1326 3247 per
1362 3180 1480 3228 omnes

332 3267 560 3349 seripturarum
591 3284 703 3351 eorpus
734 3266 890 3332 instabilis
924 3285 1084 3352 osgoeqrm
1116 3269 1258 3346 laetatur,
1290 3266 1370 3332 nibil
1396 3281 1448 3348 pro

331 3370 463 3437 arbitrio
483 3389 539 3436 eno
560 3371 740 3453 praeualens
761 3370 812 3436 nel
834 3371 954 3436 abioere
977 3371 1027 3436 nel
1049 3375 1157 3436 tenero
1177 3388 1235 3436 neo
1256 3371 1349 3452 pleno
1364 3369 1448 3452 quio·

384 3659 400 3711 1
418 3657 570 3726 inexpliblli
590 3657 616 3712 V
642 3656 796 3726 inexplibile
812 3655 853 3711 D¹
883 3657 1070 3728 inexpliosbilo
1086 3658 1129 3713 D*
1231 3659 1248 3712 2
1271 3659 1395 3712 materies
1415 3655 1448 3710 V:

330 3743 457 3798 materias
473 3743 566 3798 oeldo
665 3742 791 3813 bodone
812 3743 860 3799 VO
961 3744 1083 3814 proludit
1104 3745 1145 3799 D¹
1248 3743 1448 3815 upopoeoimne

335 3831 362 3886 V
458 3830 476 3883 6
502 3828 589 3898 adque
615 3828 663 3884 VO
763 3827 929 3884 delunideV
955 3830 1044 3885 lueida
1073 3830 1096 3886 0
1196 3831 1212 3884 l
1238 3831 1331 3900 quitus
1361 3829 1385 3884 0

329 3915 456 3986 tadone
476 3915 505 3971 V
603 3914 636 3968 la
657 3914 816 3969 alnienlum
838 3917 865 3971 V
964 3916 997 3970 13
1018 3915 1161 3970 tndediati
1178 3915 1218 3970 D¹
1323 3915 1355 3970 14
1371 3913 1447 3980 siout]

331 4039 396 4090 runo
420 4033 462 4088 n¹
570 4007 784 4103 semeptiso
886 4037 1051 4092 nenena
1077 4036 1225 4093 neema:
1255 4032 1450 4090 mermes

330 4142 480 4196 retenemus
496 4137 538 4196 12¹
568 4129 728 4193 retentimus
745 4139 785 4194 P¹
881 4139 912 4194 l'l
930 4141 1068 4198 subtroetu
1089 4141 1123 4196 V¹
1220 4140 1312 4194 soribt.
1333 4137 1384 4195 VO

332 4225 365 4280 19
383 4224 497 4281 uolitare
518 4223 580 4280 ΟΧ1
664 4223 700 4280 tt
717 4223 839 4280 salmoO
923 4225 957 4280 23
974 4229 1081 4284 rotatur
1096 4228 1127 4281 D
1211 4225 1345 4282 musione
1360 4225 1386 4278 V

329 4309 498 4450 &oprodtion
508 4310 651 4369 desolatur
666 4310 692 4365 V
775 4309 808 4364 25
820 4309 921 4366 dilatus
933 4311 973 4365 D¹
1060 4311 1188 4370 misena
1204 4312 1231 4368 V
1312 4311 1346 4365 26
1357 4307 1445 4362 soribt
