3009 5200
295 434 359 501 236
687 429 851 485 Iohannis
869 430 1026 486 Cassiani

179 604 183 612 ¹
296 641 359 706 qua
378 622 490 689 nomnt
511 639 582 687 suos
603 639 712 705 magos
725 620 779 688 uel
798 620 956 687 maleficos
972 640 1026 705 per
1040 618 1271 687 mancationem
1285 618 1420 685 nominis

295 726 383 794 illius
412 744 450 791 se
478 726 576 791 ritum
601 724 836 806 sacrificiorum,
866 741 1019 808 quocum
1048 722 1198 789 delectari
1228 727 1259 788 et
1284 723 1422 807 gaudem

297 830 496 913 cognoscunt,
525 830 614 895 uelut
641 828 827 895 domesticos
856 828 923 894 eius
945 827 1060 895 habere
1081 826 1178 893 etiem
1199 826 1232 893 in
1255 826 1421 893 &emenus

298 932 327 997 ei
347 932 490 999 subditos
511 931 710 1015 potestatem.

338 1050 408 1115 XX.
432 1066 631 1117 amesve:
656 1049 738 1131 Quia
758 1048 912 1117 Geneseos
927 1049 1021 1116 lectio
1035 1051 1128 1135 paulo
1143 1052 1217 1115 ente
1231 1048 1265 1114 in
1281 1047 1421 1114 medium
1444 1070 1455 1111 ι

297 1153 349 1220 dci
375 1154 604 1239 dispensatiom
631 1155 755 1238 prolata
784 1157 842 1235 est,
868 1174 947 1238 quse
968 1174 1025 1221 nos
1046 1154 1197 1237 oportune
1219 1152 1421 1233 commonuit,

296 1260 332 1323 nt
353 1257 385 1323 id
407 1258 489 1340 quod
511 1276 633 1341 semper
653 1257 769 1324 discere
791 1257 991 1343 cupiebamus
1013 1276 1095 1323 nnnc
1117 1256 1270 1339 possimus
1286 1274 1420 1341 congrue

297 1359 458 1441 sciscitari,
482 1360 558 1444 quid
579 1362 677 1427 etiam
699 1364 737 1427 ds
758 1360 824 1427 illis
850 1360 1003 1445 apostatis
1026 1360 1146 1446 augelis
1168 1358 1363 1427 sentiendum
1377 1360 1422 1426 sit

297 1465 441 1544 optamus
470 1483 644 1549 agnoscere,
673 1465 728 1546 qui
757 1483 790 1529 se
820 1483 892 1531 eum
920 1463 1045 1531 filiolus
1069 1463 1236 1530 hominum
1258 1462 1423 1529 miscuisse

296 1565 452 1645 dicuntur,
474 1569 582 1633 utrum
604 1567 663 1633 hoo
674 1568 776 1650 possit
790 1567 926 1650 spiritali
947 1570 1076 1633 naturae
1091 1566 1262 1633 secundum
1277 1567 1422 1633 litteram
1433 1592 1456 1629 ιο

297 1670 471 1737 conuenire.
491 1668 573 1737 illud
596 1689 717 1753 quoque
739 1670 895 1754 euangelii
910 1672 1124 1738 testimonium
1146 1671 1228 1753 quod
1244 1673 1281 1735 de
1296 1667 1422 1735 diabolo

296 1772 388 1854 paulo
409 1773 618 1838 antedinisti:
641 1774 736 1857 quia
758 1776 919 1841 mendax
948 1778 1008 1839 eet
1030 1777 1068 1839 et
1090 1776 1203 1856 pater
1224 1774 1309 1839 eius
1331 1772 1422 1839 simi·

296 1874 371 1940 liter
391 1874 601 1942 desideramus
623 1877 732 1943 sedne
755 1878 883 1959 quinam
907 1880 974 1943 eius
996 1878 1086 1959 pater
1108 1875 1337 1957 intellegendus
1367 1877 1420 1941 sit.

338 1994 424 2061 XXI.
455 2013 620 2062 sunmevs:
658 2000 742 2063 Duae
775 1997 970 2081 quaestiones
1007 2014 1068 2062 non
1101 1997 1269 2063 mediocres
1301 1996 1421 2077 puriter

296 2100 482 2181 protulistis,
506 2100 545 2165 de
567 2102 680 2183 quibus
701 2103 853 2183 quantum
877 2120 1002 2185 possum
1018 2104 1125 2167 eodem
1140 2120 1200 2183 quo
1215 2098 1420 2182 proposuistis
1431 2124 1455 2165 is

296 2202 405 2267 ordine
419 2204 618 2287 respondebo.
647 2205 837 2271 nullomodo
853 2205 1041 2271 credendum
1056 2208 1105 2270 est
1119 2204 1276 2286 spiritales
1291 2205 1420 2268 naturas

296 2307 376 2370 coire
413 2324 485 2371 cum
516 2306 641 2373 feminis
673 2308 840 2373 carnaliter
856 2388 860 2395 ¹
875 2326 983 2390 posse..
1022 2306 1131 2390 quodsi
1164 2304 1328 2388 aliquande
1360 2303 1422 2369 hoc

296 2410 467 2475 secundnm
496 2411 638 2477 litteram
666 2411 737 2477 fieri
765 2410 929 2495 potuisset,
960 2412 1111 2493 quomodo
1137 2428 1219 2475 nune
1242 2424 1362 2491 quoque
1386 2405 1419 2471 id

296 2512 398 2595 ipsum
429 2530 489 2578 non
519 2515 571 2579 uel
599 2532 669 2579 raro
698 2516 893 2597 contingeret
916 2518 948 2579 et
970 2515 1085 2597 absque
1115 2513 1235 2577 semine
1260 2510 1312 2577 uel
1334 2510 1421 2576 coitu

295 2617 357 2681 uiri
380 2617 499 2700 aliquos
522 2621 609 2684 nasei
630 2619 778 2684 similiter
800 2620 839 2685 de
859 2619 1045 2686 mulieribus
1067 2621 1217 2700 conceptu
1232 2619 1454 2682 daemonnmao

295 2721 513 2784 cerneremus?
542 2739 612 2786 cum
640 2723 825 2805 praesertim
856 2723 975 2787 constet
1004 2738 1055 2786 eos
1084 2719 1251 2786 libidinum
1277 2718 1421 2783 sordibus

296 2821 463 2887 admodum
485 2823 642 2904 delectari,
666 2843 743 2906 quas
765 2825 873 2907 procul
895 2825 986 2892 dnbio
1001 2843 1057 2906 per
1070 2827 1171 2888 semet
1184 2824 1266 2904 ipsos
1282 2839 1422 2886 meruere

297 2942 390 3005 quam
412 2945 467 3008 per
494 2927 636 2991 homines
665 2929 808 3010 mellent,
837 2927 866 2992 ei
896 2929 928 2992 id
956 2927 1022 2992 ullo
1053 2929 1142 2992 modo
1170 2928 1274 3009 posset
1295 2923 1420 3005 inpleri,

295 3025 483 3093 Ecclesiaste
512 3047 633 3112 quoque
661 3030 694 3095 id
722 3032 826 3113 ipsum
856 3030 1094 3114 pronuntiante:
1124 3030 1299 3112 quidest
1323 3029 1421 3110 quod

296 3127 402 3195 suit?
422 3131 550 3214 ipsum
574 3133 675 3215 quod
698 3136 776 3199 est:
800 3133 951 3216 etquid
974 3131 1452 3216 estquodfaetumestlss

296 3232 423 3314 ipsum
446 3235 547 3316 quod
570 3234 663 3301 fiet:
693 3237 733 3301 et
762 3255 836 3301 non
867 3237 927 3301 est
949 3255 1058 3302 omne
1087 3252 1224 3301 recens
1246 3233 1316 3299 sub
1339 3233 1420 3299 sole

308 3421 417 3560 mil
440 3419 474 3474 of.
494 3420 561 3475 Gen.
583 3423 649 3488 6,2
770 3421 988 3486 1210111144
1108 3417 1142 3476 24
1164 3420 1262 3475 Eccles.
1288 3422 1311 3486 1,
1334 3419 1420 3474 9-10

296 3510 307 3575 (
382 3513 392 3573 l

349 3680 364 3733 1
387 3680 520 3732 nouerant
542 3678 564 3733 0
666 3681 754 3748 magis
770 3678 813 3732 D¹
916 3678 1051 3732 maleficus
1073 3679 1099 3732 V
1198 3679 1216 3732 2
1238 3679 1295 3732 ritu
1317 3675 1357 3732 W

296 3778 347 3831 qno
371 3763 440 3831 eum]
463 3767 517 3831 qud
538 3779 573 3817 ec
595 3779 649 3832 qua
670 3764 701 3819 D
802 3764 820 3817 3
844 3763 1000 3818 domisticos
1022 3764 1045 3817 V
1147 3765 1306 3831 egenesem
1330 3762 1358 3816 V

296 3849 525 3918 ddispinsatione
546 3849 572 3903 V
664 3850 799 3904 ldiscere
816 3866 866 3904 om.
887 3848 936 3905 W¹
1029 3850 1188 3904 esmduri
1205 3849 1246 3904 D¹
1336 3848 1419 3902 senti·

296 3935 363 3990 endo
378 3935 426 3992 W'
511 3935 672 3990 dobtamue
691 3935 742 3990 ΟΡ
825 3936 858 3990 10
875 3935 982 3990 literam
999 3935 1026 3990 V
1110 3933 1355 4002 13petereius1>

298 4021 331 4075 14
347 4021 513 4088 quaestionis
535 4020 571 4074 V¹
666 4022 699 4075 16
717 4021 799 4074 mudo
822 4021 848 4074 V
941 4022 973 4075 17
992 4021 1064 4076 cnire
1087 4021 1114 4076 V
1204 4019 1308 4074 fimenis
1330 4019 1357 4074 V

296 4106 443 4160 camaleter
467 4105 501 4160 V¹
600 4109 633 4161 18
649 4107 759 4161 literam
780 4107 807 4160 V
904 4106 936 4160 19
953 4107 1030 4161 cuitu
1052 4107 1087 4160 V¹
1186 4106 1221 4160 20
1238 4105 1310 4160 uirili
1330 4104 1354 4160 0

296 4193 420 4259 concepto
448 4191 471 4247 0
572 4191 607 4246 22
634 4191 758 4246 amodum
783 4190 813 4244 D
915 4192 949 4244 23
971 4191 1000 4244 id
1022 4191 1086 4261 ullo]
1111 4191 1183 4246 idolo
1205 4190 1232 4245 V
1331 4189 1419 4259 posset

300 4276 384 4331 OPr:
413 4277 500 4346 possit
520 4277 615 4335 VDW
641 4277 773 4346 potuisset
791 4278 841 4332 Xe
933 4278 1073 4347 expleriO
1162 4278 1197 4332 24
1215 4277 1255 4346 id]
1273 4276 1307 4331 ad
1329 4277 1356 4332 V

296 4363 468 4432 pronuntiate
491 4363 529 4417 W
628 4363 662 4416 26
682 4379 763 4417 umne
785 4363 811 4417 V
