3009 5200
486 442 647 499 Conlatio
672 440 767 507 VIIII,
785 442 860 497 2-4.
1169 442 1233 509 253

112 654 165 701 om
192 632 467 717 procumbentibus
495 631 584 699 nobis
612 633 652 697 ad
680 650 813 716 prooem,
843 632 1009 697 uerborum
1036 651 1157 716 quoque
1182 632 1233 699 uel

109 756 255 803 maenum
276 741 349 803 ante
370 738 473 803 ooulos
488 737 592 819 imago
613 736 797 818 praeludens
813 737 868 799 aut
881 738 973 801 masei
989 754 1045 802 nos
1061 736 1231 805 seeundum

110 841 346 925 pmeoedentem
390 840 575 922 qualitatem
619 841 675 905 aut
717 839 838 905 tristari
880 840 936 905 ant
971 842 1232 924 oonoupisoentias

110 962 257 1009 musasue
288 942 474 1025 praeteritas
508 946 676 1007 retractare
710 946 766 1007 aut
799 944 862 1008 risu
890 943 988 1021 fatuo,
1023 945 1106 1029 quod
1137 948 1233 1013 etiam

91 1048 208 1130 spudot
238 1047 348 1125 disere,
377 1046 557 1128 cuiusquam
587 1046 725 1111 sourrilis
756 1045 834 1111 dioti
862 1047 912 1111 uel
941 1047 1020 1113 faeti
1049 1048 1232 1115 titillatione

109 1152 229 1234 pulsari
261 1155 317 1216 aut
352 1151 391 1215 ad
425 1153 541 1232 priores
577 1148 670 1215 faciet
698 1150 829 1215 uolitare
857 1150 1023 1217 discursus.
1060 1156 1093 1217 et
1118 1152 1262 1219 idoiroot

108 1255 262 1336 quidquid
282 1252 440 1320 orantibus
463 1253 552 1318 nobis
574 1252 720 1318 nolumus
742 1256 778 1317 ut
799 1254 931 1337 inrepat,
962 1256 1035 1319 ante
1057 1256 1232 1323 orationem

109 1358 147 1423 de
182 1355 286 1442 adytis
313 1355 411 1422 nostri
433 1356 569 1439 peruris
599 1355 762 1421 extrudere
791 1356 984 1438 festinemus,
1014 1360 1050 1423 ut
1077 1358 1125 1424 ita
1150 1358 1230 1425 illud

1 1535 2 1552 χ
107 1462 312 1544 apostolieum
333 1460 488 1543 possimm
509 1459 643 1541 inplere:
673 1460 759 1525 sine
786 1458 1087 1527 intermissione
1104 1468 1230 1543 orate,

1 1593 2 1638 l
78 1568 155 1636 oet:
177 1564 217 1630 in
240 1564 341 1630 omni
362 1564 449 1629 loeo
471 1563 658 1628 leuantes
688 1580 808 1645 puras
837 1581 974 1628 manus
1000 1564 1090 1631 siue
1112 1566 1172 1632 ira
1194 1567 1232 1631 et

1 1647 2 1704 ¹
108 1668 416 1750 disseptatione.
453 1666 531 1733 alias
552 1684 687 1749 namque
714 1667 896 1731 mandatum
911 1667 996 1733 istud
1011 1667 1156 1751 perfioere
1170 1686 1231 1736 uon

107 1771 295 1849 nalebimna
318 1770 378 1836 nisi
400 1788 488 1835 mens
515 1774 621 1835 nostra
642 1770 682 1835 ab
703 1770 788 1833 omui
810 1769 960 1835 uitiorum
977 1770 1143 1852 purificata
1157 1790 1230 1839 oon·

108 1874 193 1959 tegio
220 1876 393 1941 uirtutibus
420 1874 545 1939 tantum
572 1874 662 1939 uelut
689 1872 887 1939 naturalibus
918 1874 1006 1940 bonis
1035 1874 1140 1941 dedita
1165 1875 1232 1959 iugi

109 1977 330 2062 omnipotentis
352 1976 401 2043 dei
425 1976 686 2059 mutemplatione
705 1980 861 2059 pascatur.

80 2131 103 2171 n
149 2102 228 2166 1111.
244 2100 371 2165 Etenim
386 2099 522 2181 qualitas
538 2102 660 2164 animae
676 2116 737 2163 non
749 2099 854 2182 inepte
867 2098 1092 2164 subtilissimae
1104 2100 1231 2181 plumae

107 2222 160 2269 sen
181 2221 299 2287 pennae
321 2202 499 2268 lenissimae
526 2203 721 2286 conparatur.
761 2220 838 2285 quae
861 2203 888 2267 si
911 2203 1027 2267 umoris
1058 2203 1230 2285 cuiuspiam

108 2307 299 2371 extrinseous
319 2304 495 2370 aooedentis
517 2304 712 2388 corruptione
735 2303 849 2369 uitiata
863 2323 926 2369 non
940 2305 1033 2370 fuerit
1047 2306 1098 2371 uel
1113 2306 1227 2384 infusa,

109 2408 286 2475 mobilitate
323 2408 516 2475 substantiae
558 2426 633 2473 snae
669 2408 846 2473 tenuissimi
886 2409 1013 2491 spiritus
1050 2408 1230 2475 adiumento

109 2513 196 2578 uelut
218 2512 406 2578 naturaliter
428 2512 468 2577 ad
484 2512 633 2577 sublimia
654 2511 861 2592 molestiaque
875 2512 1060 2577 sustollitur.
1094 2511 1142 2576 sin
1158 2532 1231 2579 uero

80 2619 223 2685 sumeris
244 2617 429 2699 cuiusquam
456 2615 621 2698 aspargine
642 2616 694 2680 uel
715 2615 871 2680 infusione
898 2617 993 2680 fuerit
1014 2619 1229 2701 praegrauata,

1 2766 2 2773 1
108 2739 167 2785 non
188 2719 282 2785 modo
303 2720 338 2784 in
359 2719 463 2784 nullos
484 2719 583 2783 aerios
612 2719 737 2783 uolatus
760 2717 896 2783 naturali
926 2717 1101 2783 mobilitate
1123 2722 1229 2802 rapta-

109 2823 202 2897 bitm,
231 2825 286 2887 sed
314 2823 410 2888 etiam
431 2823 472 2887 ad
493 2822 560 2887 ima
580 2823 684 2886 terrae
714 2823 853 2906 oonoepti
879 2821 995 2888 umoris
1016 2825 1150 2905 pondere
1172 2823 1227 2888 de-

108 2925 270 3008 primatur.
308 2927 354 2990 ita
375 2943 463 2990 mens
484 2944 605 3008 quoque
626 2926 735 2990 nostra
748 2925 776 2990 si
792 2925 1010 2990 aooedentibos
1026 2926 1113 2991 uitiis
1129 2927 1225 2991 euris·
1240 2925 1261 2989 2

109 3046 166 3110 pue
193 3029 361 3093 mundanis
389 3032 560 3110 adgrauata
586 3047 647 3093 non
669 3028 765 3094 fuerit
791 3029 937 3094 noxiaeue
959 3028 1101 3094 libidinis
1123 3047 1230 3096 umore

80 3133 263 3214 saorrupta,
300 3133 388 3197 uelut
422 3132 559 3196 naturali
595 3131 741 3216 puritatis
778 3151 852 3198 suae
884 3131 1034 3200 benefitio
1070 3133 1232 3199 subleuata

109 3233 269 3298 leuissimo
280 3233 432 3316 spiritalis
443 3235 656 3300 meditationis
667 3235 786 3300 adflatu
798 3235 1020 3303 sublimabitur
1031 3236 1071 3300 ad
1087 3255 1230 3320 superna,

210 3431 368 3486 91'1'bess.
386 3434 412 3498 b,
431 3433 463 3487 11
567 3433 798 3499 101Tima8

157 3615 300 3670 bsaurilis
317 3615 405 3670 DPX
487 3617 578 3686 bant]
597 3617 641 3671 uel
662 3619 716 3673 ΟΧ
800 3618 834 3671 ad
851 3633 902 3672 om.
917 3618 944 3673 V
1026 3615 1180 3686 'lquioquid
1197 3615 1235 3670 W

116 3699 165 3755 ΟΧ
250 3703 353 3771 inripat
367 3703 415 3758 W*
501 3702 617 3761 ssaditis
632 3705 725 3760 WOX
751 3704 851 3759 abditis
869 3705 914 3758 Po
999 3701 1228 3757 9intirmissione

115 3787 140 3839 V
237 3789 272 3842 10
288 3805 379 3843 manea
395 3790 436 3844 D²
534 3792 565 3845 ll
584 3791 776 3860 diseiptatioue
796 3792 823 3846 V
924 3791 956 3844 12
973 3789 1118 3844 ualibimne
1139 3788 1167 3843 V

112 3875 423 3945 oontagiopurilioataD
515 3878 549 3932 13
559 3881 670 3932 tantum
681 3879 759 3931 uelut
770 3877 938 3932 naturalibus
950 3892 1000 3930 ora.
1016 3876 1052 3930 W
1142 3871 1230 3928 didita

117 3962 140 4013 V
237 3963 338 4018 15111
365 3965 391 4019 V
488 3965 595 4033 ineptae
619 3965 666 4019 aed
687 3965 718 4019 D
821 3963 913 4031 suptil.
943 3962 981 4018 W
1080 3961 1112 4015 16
1134 3961 1230 4028 pinnae

114 4047 177 4103 D¹O
197 4049 362 4117 pinnulae?
456 4052 575 4106 humoris
589 4052 679 4108 WOP
776 4051 808 4103 11
826 4049 974 4104 araedentia
986 4049 1024 4101 P:
1047 4046 1190 4101 aeoidentis
1206 4043 1233 4099 V

116 4137 254 4193 DlVOXo
340 4138 373 4192 19
391 4138 544 4192 mmumtur
559 4141 586 4193 V
669 4138 704 4193 20
720 4137 839 4192 humoris
857 4136 946 4192 WOP
1030 4133 1170 4202 aspargine
1192 4132 1229 4188 02

117 4226 248 4294 aspergine
264 4225 325 4281 rell.
417 4225 452 4279 22
469 4225 503 4278 ad
520 4226 584 4294 ima]
603 4242 619 4278 a
636 4226 698 4293 (sie)
716 4225 746 4280 D
836 4223 955 4278 humoris
977 4221 1098 4278 WOPX
1186 4218 1231 4272 de·

85 4312 233 4376 ‚primitur
253 4311 351 4366 V'DW
436 4311 669 4366 asspirantibus
691 4311 772 4365 VDO
862 4309 897 4362 24
913 4311 1005 4362 noxiae
1022 4307 1066 4361 uel
1083 4307 1165 4361 DOP

119 4395 219 4452 humore
234 4399 328 4456 WOX
421 4400 455 4453 25
468 4403 594 4466 surrupta
610 4399 643 4452 V¹
735 4397 851 4451 uelutin
868 4396 914 4448 W¹
1004 4392 1166 4448 benefitioV
