3009 5200
296 430 361 495 m
685 424 848 479 Iohannis
870 425 1028 481 cassiani

296 618 439 699 praebuit
470 617 663 699 temptuton.
699 616 832 698 denique
864 617 1021 699 seqnitur:
1050 617 1117 681 sed
1145 616 1274 680 libero
1304 634 1379 680 nos
1414 634 1441 680 a

297 720 413 797 nalo,
441 718 476 783 id
504 724 563 795 eet,
584 737 625 783 ne
644 721 810 801 permittas
832 736 888 783 noe
910 737 931 783 ι
951 718 1076 784 diabolo
1104 720 1253 801 temptari
1273 738 1370 801 supra
1396 722 1437 783 id

297 823 379 904 qnod
399 840 574 905 mutue,
595 822 717 886 sedite
736 840 821 887 eum
842 824 1111 903 temptatione
1131 826 1170 887 et
1191 824 1356 903 exitum,
1384 826 1438 886 nt

296 929 495 991 sustinere
514 927 722 1007 possimus,

339 1028 476 1093 mun
504 1027 628 1093 Videtis
655 1046 730 1111 erge
758 1027 863 1110 qualis
893 1028 982 1093 nobis
1011 1027 1052 1092 nb
1081 1029 1150 1111 ipso
1178 1030 1233 1111 qui
1254 1030 1434 1112 perillam
1463 1053 1479 1092 ε

297 1132 468 1197 momulus
488 1136 537 1195 eet
556 1132 659 1196 indice
680 1130 832 1196 erationis
853 1131 899 1194 sit
919 1132 1065 1195 modulus
1087 1134 1121 1195 et
1136 1131 1237 1197 forma
1252 1133 1433 1215 proposito.

298 1236 331 1299 in
358 1252 421 1317 qm
447 1236 537 1300 nulla
564 1236 745 1300 diuitiarum
774 1236 895 1317 petitio,
926 1236 1013 1300 nulla
1041 1237 1194 1301 memoria
1215 1237 1431 1318 dignitatum,

296 1338 385 1403 nulla
416 1344 597 1422 potentatus
627 1356 665 1403 ae
696 1338 892 1403 fortitudinis
924 1340 1104 1422 postulatio,
1141 1340 1227 1405 nullu
1259 1358 1432 1423 corporeae

297 1444 445 1508 sanitatis
466 1462 522 1509 seu
550 1443 732 1527 temporalis
758 1445 843 1508 uitae
863 1445 983 1509 mentio
1004 1446 1193 1509 continetur.
1231 1444 1312 1509 nihil
1335 1446 1430 1507 enim

297 1546 449 1611 cadum
478 1547 550 1610 nult
577 1565 598 1610 a
623 1564 667 1627 se,
696 1546 775 1610 nibil
804 1546 876 1625 uilo,
903 1546 984 1610 nihil
1006 1546 1177 1629 temporalo
1198 1548 1429 1611 aeternitatum
1442 1570 1472 1608 re

298 1647 439 1713 conditor
459 1650 619 1732 inplorari.
655 1652 763 1731 itaque
785 1650 1034 1729 magnificentiae
1051 1651 1118 1715 eius
1133 1668 1170 1715 ac
1183 1650 1427 1714 munificentiae

297 1753 465 1815 nummum
493 1751 653 1834 inrogabit
680 1752 839 1831 iniuriam,
865 1754 995 1835 quisquc
1017 1753 1067 1817 his
1088 1754 1287 1836 sempiternis
1310 1753 1427 1835 potiti-

297 1853 409 1918 onibue
436 1853 661 1936 praetermissis
689 1854 905 1919 transitorium
935 1856 1056 1937 aliquid
1086 1860 1117 1919 et
1146 1858 1297 1921 caducum
1318 1855 1358 1919 ab
1371 1874 1424 1919 eo

298 1957 445 2021 moluerit
470 1957 638 2037 postnlnre,
666 1959 699 2021 et
724 1957 874 2021 mensam
901 1959 1006 2039 polius
1039 1977 1131 2040 quam
1165 1959 1425 2041 propitiationem

298 2059 411 2125 iudicis
433 2061 482 2124 eui
504 2061 798 2125 minutatione
822 2061 970 2127 incurret
1438 2091 1469 2129 1⁵

340 2162 439 2228 XXV.
461 2164 546 2229 Haec
566 2165 666 2245 igitur
685 2165 784 2228 oratio
808 2161 884 2228 lieet
905 2181 1029 2229 omnem
1052 2165 1197 2231 uideatur
1217 2165 1422 2247 perfectionis

297 2266 524 2348 plenitudinem
545 2268 710 2343 continere,
733 2270 844 2349 utpote
867 2286 946 2351 quae
968 2268 1066 2351 ipsius
1089 2269 1208 2335 domini
1229 2268 1423 2333 auctoritate

298 2370 350 2434 uel
378 2369 507 2435 initiata
531 2370 575 2433 sit
601 2368 654 2435 uel
681 2372 813 2448 statuto,
842 2371 984 2453 prouehit
1008 2376 1113 2436 emen
1138 2371 1323 2437 domesticos
1344 2388 1422 2435 snos

298 2474 340 2537 ad
353 2472 445 2537 illum
459 2473 698 2555 praecelsiorem
711 2492 806 2556 quem
820 2475 963 2556 superins
974 2475 1285 2539 commemorauimus
1297 2476 1420 2538 statim

298 2594 410 2659 eosque
429 2575 470 2642 nd
490 2576 581 2642 illam
602 2579 727 2662 igneam
748 2594 786 2642 ae
807 2577 970 2660 perpaucis
997 2582 1155 2662 cognitam
1177 2577 1229 2642 nel
1249 2581 1462 2661 exportemus

297 2681 394 2746 immo
421 2683 458 2746 ut
486 2685 627 2764 proprius
654 2682 784 2746 dixerim
811 2681 1001 2747 ineffabilem
1026 2683 1197 2747 orationem
1218 2682 1316 2764 grndu
1337 2683 1417 2744 emi·

298 2783 438 2850 nentiore
459 2785 612 2867 perducit,
633 2803 713 2866 quse
727 2803 852 2848 omnem
867 2788 1088 2850 transcendens
1103 2785 1275 2850 homonum
1290 2801 1416 2849 sensum

298 2887 386 2952 nullo
413 2905 473 2953 non
502 2887 604 2952 dicum
630 2906 706 2952 sone
734 2888 819 2952 nocis
842 2907 899 2952 nco
921 2887 1046 2971 linguae
1068 2893 1156 2952 motu
1177 2907 1234 2952 nec
1256 2887 1323 2952 111111
1343 2905 1416 2950 uer-

299 2993 407 3058 borum
433 2991 688 3072 pronuntiatione
715 2991 930 3074 distinguitur,
958 2991 1012 3055 sed
1038 3010 1132 3072 quam
1153 3009 1242 3054 meus
1264 2991 1415 3054 inlusione

297 3093 440 3158 caelestis
460 3095 548 3159 illins
570 3095 697 3161 luminis
718 3095 887 3160 inlustrata
912 3113 973 3160 non
995 3095 1140 3160 humanis
1162 3097 1256 3176 atque
1270 3093 1413 3176 angustis
1428 3116 1457 3156 ss

297 3197 440 3280 designat
471 3197 614 3280 eloquiis,
647 3197 702 3262 sed
734 3199 926 3282 conglobatis
962 3199 1106 3263 sensibus
1139 3199 1226 3262 uelut
1258 3197 1297 3261 dc
1329 3195 1415 3261 fonte

297 3299 431 3382 quodam
451 3300 660 3383 copiosissimo
674 3302 805 3366 effundit
820 3301 956 3366 ubertim
972 3307 1066 3385 atque
1082 3301 1281 3366 ineffabiliter
1294 3303 1413 3365 eructat

297 3405 336 3470 nd
364 3404 468 3483 deum,
495 3407 586 3470 unte
612 3424 756 3488 promens
778 3407 811 3470 in
833 3406 888 3470 illo
916 3405 1101 3470 breuissime
1127 3405 1276 3486 temporis
1290 3407 1411 3485 puncto,

297 3509 413 3589 quanta
434 3527 490 3572 nee
510 3507 612 3591 eloqui
635 3508 727 3573 facile
748 3525 805 3572 nec
830 3527 1007 3590 percurrere
1029 3527 1117 3573 mens
1140 3509 1173 3572 iu
1194 3510 1293 3573 semet
1315 3507 1412 3587 ipsam

400 3687 578 3752 lecese
679 3688 866 3753 31001110,
886 3689 919 3743 13

349 3854 541 3922 ltempbturi
562 3853 598 3907 V¹
690 3853 834 3907 tdiebule
856 3853 968 3908 VDPX
1059 3868 1137 3922 super
1156 3851 1207 3906 ΟΡ
1295 3847 1415 3915 5quales

296 3938 336 3992 1)ι
416 3939 580 3994 tmodueD
662 3941 692 3993 ll
705 3939 830 3994 conditur
845 3939 881 3993 V¹
963 3938 996 3992 12
1008 3937 1129 4007 quisquis
1141 3936 1186 3991 Po
1267 3935 1299 3988 13
1311 3932 1415 4000 aliquod

297 4025 327 4078 D
422 4026 610 4095 lepusculum
631 4025 658 4079 V
749 4027 782 4080 15
798 4027 917 4079 incurret
939 4024 1006 4079 OX:
1035 4023 1148 4077 incurrit
1165 4019 1216 4074 VD
1310 4018 1343 4071 16
1359 4034 1417 4086 per·

296 4111 439 4165 lectionem
456 4112 635 4179 plenitudinis
657 4111 684 4165 V
770 4111 805 4165 20
822 4113 870 4165 aut
887 4110 1027 4180 propaucis
1044 4109 1074 4163 D
1158 4105 1192 4159 22
1209 4105 1305 4174 pducit
1322 4103 1352 4156 D

296 4195 330 4251 23
347 4214 400 4251 non
417 4198 510 4254 ΜΟ
604 4199 639 4252 24
655 4197 749 4266 quem]
767 4198 831 4266 quie
849 4197 886 4264 (ia
903 4195 1059 4260 incoelV
1141 4192 1175 4245 25
1193 4190 1279 4258 adque
1299 4187 1351 4243 VP

297 4281 331 4336 td
353 4283 398 4353 de]
422 4284 487 4340 eO
587 4285 622 4338 nl
644 4285 739 4338 effudit
759 4284 800 4338 D*
903 4283 988 4352 sdqne
1009 4280 1087 4337 VOP
1186 4275 1352 4331 eructuetO

296 4367 331 4421 29
347 4369 407 4438 ipsa
424 4370 453 4424 D
