3009 5200
456 1192 839 1296 PRAEFATIO.

135 1457 217 1556 Cum
239 1491 391 1556 uirtutem
414 1491 611 1575 perfectionis
632 1495 766 1575 nestrae,
789 1508 851 1574 qna
872 1491 961 1557 uelut
976 1509 1090 1578 magna
1111 1509 1206 1576 quee-

94 1594 159 1658 tam
192 1594 360 1660 luminaria
390 1595 422 1660 in
453 1593 511 1660 hoo
538 1593 654 1659 mundo
687 1593 863 1660 admirabili
897 1595 1038 1660 claritate
1066 1593 1204 1679 fulgetis,

95 1697 180 1762 multi
207 1699 384 1762 sanctornm
414 1696 467 1779 qui
496 1700 600 1764 uestro
630 1697 815 1764 erudiuntur
843 1698 980 1780 exemplo
1009 1698 1061 1762 uix
1091 1702 1206 1780 queant

71 1799 251 1878 saemulari,
281 1807 385 1865 tamen
414 1817 478 1876 uos,
503 1817 519 1865 o
546 1801 645 1866 sancti
673 1801 785 1866 fratres
814 1801 974 1867 Honorate
1001 1805 1033 1866 et
1059 1801 1204 1882 liutheri,

94 1905 173 1967 tanta
196 1901 324 1968 illorum
346 1901 529 1968 sublimium
556 1901 705 1981 uirorum,
733 1901 887 1984 aquibus
914 1903 1016 1986 prima
1043 1903 1205 1970 anachore·

91 2023 151 2070 sees
173 2005 323 2070 instituta
344 2005 548 2088 suscepimus,
564 2005 657 2070 laude
680 2005 896 2088 flammamini,
918 2005 955 2070 ut
977 2023 1057 2070 unus
1079 2004 1206 2088 quidem

7 2165 8 2170 ,
93 2110 225 2171 uanum
254 2107 376 2191 ingenti
404 2105 536 2172 fratrum
564 2105 709 2172 coenobio
735 2105 914 2188 praesidens
936 2105 1203 2192 congregationem

93 2225 184 2287 suam,
213 2227 292 2292 qnae
320 2209 473 2275 cotidiano
502 2211 625 2275 sunctae
652 2209 894 2276 conuersationis
922 2215 1045 2276 nestrae
1077 2210 1204 2276 docetur

60 2313 212 2390 reintuitn
236 2311 363 2378 illorum
387 2330 506 2396 quoque
528 2317 654 2396 patrum
668 2312 840 2395 praeceptis
861 2315 948 2396 optet
962 2314 1096 2392 institui,
1123 2314 1202 2380 alter

90 2432 166 2492 uero¹
204 2419 241 2480 ut
279 2413 375 2480 etiam
412 2415 564 2496 corporali
603 2415 771 2482 eorundem
814 2416 1027 2482 aedificaretur
1065 2419 1201 2499 aspectu,

90 2519 264 2602 Aegyptum
286 2521 447 2601 penetrare
470 2516 615 2594 uoluerit,
640 2520 676 2582 ut
697 2517 777 2583 hanc
799 2519 889 2601 quasi
907 2517 1032 2603 frigoris
1048 2515 1203 2585 Gallicani

88 2621 184 2705 rigore
217 2624 390 2703 torpentem
419 2620 611 2703 prouinciam
644 2621 858 2702 derelinquens
886 2621 925 2687 ad
953 2621 1022 2687 illas
1050 2640 1126 2704 quas
1154 2622 1202 2687 sol

7 2708 8 2715 '
88 2724 223 2789 iustitiae
244 2726 402 2808 proximus
424 2724 550 2807 respicit
572 2724 679 2803 terras,
709 2724 841 2789 maturis
864 2722 1018 2790 uirtutum
1047 2725 1201 2792 fructibus

58 2827 302 2910 eradundantes,
326 2828 413 2892 uelut
435 2826 540 2891 turtur
562 2824 753 2891 castissimus
780 2825 998 2891 transuolaret.
1032 2826 1233 2893 necessari02

7 2962 9 3009 p
87 2928 140 2994 hec
163 2929 242 2995 mihi
265 2930 364 2994 uirtus
386 2928 524 2995 caritatis
546 2929 674 2995 extorsit
711 2928 860 2993 etunius
883 2927 1044 3010 desiderio,
1073 2929 1203 2995 alterins

7 3056 8 3061 ¹
86 3031 182 3097 etiam
216 3032 318 3097 labori
350 3033 510 3097 consulens
544 3035 609 3097 tam
638 3030 806 3113 abruptum
845 3029 998 3097 scribendi
1029 3031 1202 3114 periculum

7 3176 8 3221 p
85 3153 144 3199 non
167 3134 313 3212 niteram,
337 3133 501 3200 dummodo
525 3136 557 3198 et
578 3133 673 3215 priori
692 3126 775 3215 apud
791 3132 871 3199 filim
885 3133 1051 3199 adderetur
1066 3133 1202 3199 auctori·

7 3232 8 3313 Τ
86 3237 131 3301 ias
155 3238 188 3301 et
210 3238 344 3302 secundo
367 3241 433 3302 tam
455 3236 645 3319 periculosae
672 3234 883 3319 nauigationis
906 3235 1075 3301 necessitas
1097 3237 1202 3302 deme-

7 3362 9 3453 .
57 3341 179 3403 oretur.
217 3340 344 3420 proinde
365 3338 439 3423 quie
460 3339 529 3404 fidei
554 3340 675 3404 uestram
700 3342 795 3420 atque
819 3338 931 3403 femori
952 3356 1010 3403 nec
1031 3339 1089 3403 illa
1110 3337 1201 3404 insti·

7 3456 9 3529 j
86 3444 155 3505 tuta
176 3442 403 3521 coenobiorum,
428 3459 505 3525 quae
527 3441 688 3507 duodecim
709 3440 825 3507 libellis
848 3442 888 3506 ad
909 3441 1017 3507 bmtae
1033 3440 1201 3506 memoriae

7 3532 8 3535 '
85 3546 260 3627 episcopum
282 3542 443 3610 Castorem
466 3563 524 3628 qno
548 3546 706 3627 potuimus
728 3561 870 3609 sermone
885 3544 1130 3626 conscripsimus,
1145 3561 1201 3608 nee

7 3734 10 3877 .
84 3647 190 3711 decem
213 3647 401 3713 conlationes
423 3648 457 3711 in
480 3645 640 3713 Scitiotica
661 3646 784 3712 heremo
803 3645 1049 3711 conmorantium
1065 3645 1200 3727 patrum,

7 3930 9 4027 p
185 3930 290 4001 nepte
307 3932 438 4001 preesset
459 3933 489 3983 n
517 3932 617 4001 Incipit
635 3932 801 4001 pretereo
901 3932 972 3986 eust
990 3932 1154 4001 aceeptus
1169 3932 1204 3988 se

7 4038 9 4097 p
83 4018 110 4067 Σ
212 4018 334 4072 fiunto
360 4020 388 4071 Σ
495 4020 511 4073 7
538 4018 773 4087 αηυεᾳαὶιφιοο
872 4016 1069 4087 8prresedenr
1094 4018 1134 4069 Πι

7 4128 9 4237 s
85 4102 115 4156 10
133 4102 235 4157 intuito
252 4102 292 4155 Πι
381 4104 499 4159 obtetO
593 4106 623 4157 11
642 4104 822 4159 edificetnrO
915 4104 948 4157 14
965 4104 1079 4171 mpecit
1095 4104 1135 4155 Πι

7 4268 8 4275 ¹
85 4190 114 4243 17
133 4186 259 4242 obrutum
277 4188 303 4241 0
404 4191 437 4245 18
454 4194 520 4259 aput
538 4190 596 4244 ΣΟ
697 4190 733 4245 20
749 4190 835 4259 nique
851 4189 906 4256 11¹,
930 4194 956 4245 ct
974 4190 1014 4245 otc
1028 4204 1135 4258 semper

7 4330 9 4389 Ι
83 4272 114 4326 2‘2
134 4272 335 4329 eomuibsirnns
353 4274 379 4328 0
