3009 5200
256 435 323 505 554
648 432 813 491 Iobaauis
834 432 991 489 Cassiani

296 624 322 689 1.
345 623 503 691 Praeolari
525 640 562 689 ao
583 624 751 708 singularis
773 622 834 689 uiri
856 621 981 689 abbatis
1003 620 1119 688 Pinufii
1140 621 1179 686 de
1194 619 1256 687 tine
1271 620 1381 704 paeni-

254 729 371 794 tentiae
403 728 568 809 praesepta
600 727 741 792 dioturus
777 744 923 811 maguam
960 725 1110 792 materiae
1145 726 1268 808 partem
1301 723 1380 789 mihi

253 831 360 897 uideor
381 836 551 915 amputare,
579 831 606 897 ei
628 830 820 896 humilitatis
843 831 910 897 eius
931 831 1066 907 budam,
1097 847 1190 912 quam
1212 830 1247 894 in
1269 830 1380 911 quarto

253 933 486 1000 institutionum
517 934 607 1013 libro,
636 934 690 1017 qui
712 937 761 999 eat
790 952 882 1017 super
903 934 1103 999 instituendis
1124 931 1380 1001 renuntiantibus

252 1036 412 1116 titulatus,
434 1037 523 1104 breui
543 1055 686 1104 sermone
706 1036 903 1121 praestrinxi,
927 1037 1053 1103 lectoris
1074 1036 1199 1103 fastidio
1215 1035 1379 1103 cousulens
1400 1059 1415 1100 e

252 1141 303 1206 hio
317 1140 443 1207 silentio
458 1139 721 1225 praetermittun
736 1160 808 1207 oum
822 1140 1009 1223 praesertim
1024 1139 1119 1206 multi
1135 1139 1220 1205 illius
1235 1138 1379 1222 opuseuli

252 1243 398 1310 notitiam
421 1261 484 1311 uon
505 1244 654 1311 babentes
677 1245 710 1311 in
731 1244 813 1309 bano
838 1244 960 1326 possint
981 1244 1135 1309 ineurrere
1158 1242 1323 1312 tentionem
1346 1245 1380 1307 et

251 1347 352 1414 omnis
381 1348 536 1415 dictorum
565 1347 694 1414 uanillet
716 1346 896 1427 auotoritas,
928 1346 955 1412 si
977 1348 1110 1414 dioentis
1132 1346 1281 1413 meritum
1303 1348 1376 1413 sub·

220 1447 403 1523 annuatur.
439 1451 491 1518 bie
512 1451 667 1534 siquidem
691 1469 763 1517 oum
786 1452 869 1517 haud
891 1452 984 1537 longe
999 1469 1019 1518 a
1033 1450 1223 1535 Panephysi,
1239 1450 1377 1536 Aegypti

249 1553 286 1618 ut
306 1552 375 1618 illio
397 1554 515 1620 dietum
537 1560 586 1621 eet
601 1556 739 1634 oiuitate,
756 1554 852 1622 abbas
868 1559 899 1621 et
914 1555 1077 1639 presbyter
1091 1553 1212 1640 ingenti
1227 1552 1376 1621 ooeuobio
1386 1578 1412 1618 ro

247 1656 438 1740 praesideret
469 1659 654 1742 tantumque
688 1679 760 1725 eum
793 1660 894 1727 omuis
927 1658 984 1725 illa
1022 1659 1180 1741 proniuoia
1218 1657 1376 1723 uirtutum

248 1776 377 1824 suarum
398 1762 492 1841 atque
515 1764 675 1844 signorum
695 1762 799 1846 'gloria
821 1762 1026 1841 subleuaseet,
1060 1765 1095 1826 ut
1116 1760 1179 1826 sibi
1201 1762 1264 1826 iam
1287 1758 1375 1825 uide·

247 1866 334 1926 retur
362 1862 568 1931 retributione
597 1864 700 1931 randis
730 1866 886 1933 humanae
908 1867 1051 1935 laborum
1071 1882 1205 1933 enorum
1222 1865 1376 1947 rooopisse

247 1966 429 2046 meroedem,
460 1967 576 2033 timens
605 1968 732 2045 nasibi
752 1968 929 2051 specialiter
951 1968 1055 2035 inuisa
1076 1968 1235 2051 popularis
1258 1967 1375 2033 fauoris

246 2068 382 2143 inanitae
397 2068 536 2135 iruetum
550 2071 685 2152 praemii
700 2074 849 2139 uaeuarst
865 2072 993 2154 aeterni,
1012 2073 1137 2137 eeeulto
1149 2069 1376 2139 monasterium
1387 2096 1411 2135 re

246 2189 339 2237 auum
368 2171 490 2255 fugiens
518 2172 559 2239 ad
587 2174 703 2243 intima
731 2174 984 2243 'tabennensium
1009 2174 1232 2243 monasterum
1255 2174 1375 2240 seoretu

246 2274 413 2355 sostendit,
443 2277 498 2343 ubi
528 2294 590 2343 uon
619 2277 739 2348 heremi
768 2278 980 2363 solitudinem,
1011 2295 1073 2345 nou
1097 2276 1269 2361 singularis
1288 2277 1374 2342 niteo

245 2380 456 2463 seueritatem,
472 2398 566 2463 quam
582 2381 681 2447 etiarn
694 2381 861 2464 inporieoti
876 2384 990 2465 quique
1006 2382 1146 2450 laborem
1158 2379 1374 2448 oboedientiae

245 2483 278 2549 in
301 2482 454 2549 ooeuobiis
476 2500 539 2549 nou
561 2484 696 2549 ferentes
722 2486 856 2567 superba
871 2502 1107 2569 nonnumquam
1122 2483 1374 2569 praesumptione

217 2588 412 2669 denotantur,
442 2584 498 2655 sad
525 2586 727 2654 oeleberrimo
755 2587 910 2673 preelegit
939 2588 1086 2656 ooeuobio
1108 2587 1280 2674 subiugari.
1318 2586 1409 2656 ubire

246 2692 362 2767 tamen,
392 2710 431 2755 ue
461 2690 527 2757 ullo
556 2691 680 2757 habitus
710 2693 759 2756 sui
780 2694 963 2774 proderetur
984 2692 1109 2770 iudioio,
1131 2693 1262 2763 indutus
1284 2695 1374 2760 ueste

245 2794 397 2860 eaeoulari
419 2794 528 2860 multis
555 2796 591 2860 ut
611 2794 789 2863 illiomoris
813 2797 861 2862 est
875 2796 1165 2867 deuteronomos
1179 2815 1235 2880 pru
1249 2795 1372 2864 foribus

246 2898 420 2979 oreubauit,
451 2899 546 2981 atque
575 2897 616 2964 ed
642 2899 783 2967 emnium
804 2917 908 2982 genua
928 2901 1110 2984 prouolutus
1132 2903 1204 2982 post
1224 2898 1374 2976 diuturna

245 2999 374 3066 fastidia
394 3018 513 3084 eorum,
534 3001 590 3084 eui
612 3001 653 3070 ad
675 3003 899 3084 explorandum
921 3006 988 3078 eim
1007 3003 1193 3073 desiderium
1209 3005 1243 3073 iu
1258 3004 1373 3070 uitime

244 3121 318 3172 eum
347 3103 412 3172 iem
442 3108 546 3172 aetate
578 3105 667 3174 uelut
696 3108 735 3174 ob
765 3106 856 3190 panis
890 3107 1061 3189 egestatem
1095 3104 1280 3189 ooupuleum
1309 3122 1408 3170 unna

245 3206 365 3273 sineere
385 3207 472 3274 illius
492 3208 643 3292 propositi
668 3209 869 3276 sanotitatom
892 3209 1046 3294 expetisse
1060 3209 1220 3292 dibebant,
1242 3208 1372 3274 taudem

347 3412 366 3466 4
382 3425 438 3480 dap.
456 3409 558 3466 dii-81

296 3581 311 3634 l
337 3579 468 3652 pinuphii
490 3580 510 3650 β
532 3581 663 3650 (pumirs)
766 3581 784 3635 d
809 3581 973 3652 praestriuri
1000 3581 1092 3641 BFO:
1119 3583 1330 3652 perstrinxeram
1355 3583 1374 3652 β

244 3667 429 3738 perstrinxio
530 3665 687 3745 dqumO
787 3665 960 3728 duaeoillet,
976 3655 1036 3732 BF
1134 3667 1305 3739 dquumO
1367 3731 1370 3740 ,

243 3754 293 3834 aut
316 3749 410 3809 B'FO
438 3750 507 3814 baut'
533 3746 615 3810 ΒΨ
719 3753 840 3822 paueiosi
866 3743 923 3808 BF
948 3753 1060 3824 panodei
1085 3745 1107 3822 θ
1134 3769 1257 3826 panemo
1282 3753 1311 3811 0'

243 3837 407 3909 aegyptias!
492 3837 719 3908 apprestitum
747 3842 761 3873 ²
812 3837 843 3894 11
862 3839 1028 3909 praesederet
1045 3839 1093 3896 1¹·
1174 3850 1235 3896 enm
1251 3839 1280 3894 iu
1299 3841 1375 3896 omni

242 3926 284 3997 do
319 3995 323 4007 ‚
368 3923 541 3995 prouiutiad
636 3923 936 3986 innumerosorum:
963 3925 1137 3990 sublimasset
1156 3922 1373 3999 operum

244 4016 289 4079 16,
307 4013 327 4066 3
343 4011 457 4068 summio
467 4010 594 4070 laudibus
606 4011 727 4068 eleustus
802 4013 836 4072 15
853 4013 969 4084 praemio
987 4011 1025 4069 13¹
1095 4015 1236 4079 amomon
1253 4008 1308 4070 FO

245 4095 278 4160 16
295 4088 552 4169 thabennensiump
577 4097 802 4161 taueneutiumO
896 4099 928 4158 1⁷
939 4087 1138 4160 solitudini?
1224 4099 1258 4156 18
1275 4099 1373 4156 maud-

243 4168 298 4245 tau
315 4182 355 4243 m
440 4183 534 4240 naurs
547 4181 608 4244 nu
691 4185 727 4241 ue
741 4181 866 4256 seuseu
882 4183 925 4242 m·
1012 4183 1048 4242 ao
1065 4185 1216 4258 propr-epu
1232 4183 1275 4246 m
1301 4201 1374 4263 prae

242 4268 358 4341 legito
458 4269 494 4326 28
510 4270 608 4324 diurna
625 4267 686 4325 BF
787 4269 823 4326 ab
840 4269 874 4326 ob
890 4281 941 4326 eeu
958 4272 999 4341 do
1096 4273 1217 4344 egestate
1233 4269 1306 4344 Fue

241 4355 318 4412 ndat
335 4355 415 4425 panis
432 4357 553 4426 enatato
570 4358 655 4413 moes
672 4354 720 4412 0¹:
748 4371 799 4412 oea.
819 4355 852 4412 0Ι
