3009 5200
294 368 338 435 90
678 365 845 422 Iohannis
863 363 1025 419 Cueeieni

288 556 463 624 humane.
487 555 630 621 fidelis
654 555 915 638 eutemdeus,
938 554 1007 637 qui
1029 553 1414 636 nonpermittetuoe

287 660 482 743 temptari
515 678 629 741 super
661 659 700 723 id
733 660 834 741 quod
867 658 1054 740 potestis,
1084 658 1149 722 eed
1177 657 1303 722 seoiet
1331 675 1415 721 oum

288 763 556 845 temptatione
579 767 616 826 et
638 762 803 841 exitum,
826 762 869 826 ut
890 763 1093 827 sustinere
1115 760 1296 843 poeeitie.
1321 761 1414 825 deum

288 883 408 947 quoque
439 864 545 946 aptore
573 867 638 930 siue
665 865 847 930 confirmare
873 864 994 928 animos
1017 864 1140 928 nostroe
1162 864 1202 929 ed
1224 881 1314 929 omne
1336 881 1416 945 opue

288 969 404 1034 bonum
431 971 462 1032 et
490 967 612 1049 operari
640 966 674 1032 in
703 968 791 1034 nobit
821 985 857 1032 ee
885 985 964 1047 quae
991 964 1055 1030 eibi
1082 967 1158 1030 eunt
1182 967 1301 1048 pleoite
1330 967 1453 1033 idemr

289 1072 447 1153 epoetolue
469 1071 575 1136 donet:
599 1071 692 1136 deue
708 1072 837 1136 eutem
852 1070 977 1152 peeis,
1000 1069 1066 1152 qni
1081 1069 1222 1134 eduxit
1243 1072 1286 1136 de
1308 1071 1414 1134 tene·

287 1173 367 1238 bris
396 1176 597 1254 pastorem
626 1189 801 1255 moguum
835 1172 967 1238 ouium
996 1172 1036 1236 in
1065 1172 1261 1255 sangnine
1292 1173 1415 1237 teete-

287 1275 417 1340 monti
440 1277 612 1351 oeterni,
636 1276 766 1340 Iesum
789 1274 1005 1355 Christum,
1027 1276 1139 1358 aptet
1160 1292 1227 1339 uos
1248 1275 1289 1338 in
1311 1277 1414 1340 omni

288 1381 405 1456 bono,
430 1379 581 1445 feeieue
604 1380 641 1444 in
664 1379 778 1444 nette
801 1382 900 1462 quod
921 1379 1078 1460 placent
1098 1397 1224 1444 eorem
1245 1396 1293 1443 ee
1332 1379 1413 1459 quod

287 1483 383 1547 etiem
405 1481 731 1549 Thessalonioeneibue
758 1488 794 1548 ut
817 1485 940 1549 eueniet
962 1485 1008 1549 itu
1022 1485 1167 1564 preeutur
1181 1483 1302 1548 ditens:
1325 1482 1336 1546 i
1343 1500 1411 1564 pse
1425 1509 1452 1548 ιο

287 1588 414 1652 eutem
437 1587 613 1652 domiuus
635 1586 743 1652 Iesus
766 1585 952 1652 Christus
968 1586 1411 1666 etdeuepnternoster,

287 1689 354 1771 qui
381 1689 529 1754 dilexit
556 1707 622 1754 noe
651 1694 689 1754 ot
717 1688 830 1754 dedit
862 1688 1181 1754 consolationem
1211 1691 1412 1753 aeternam

287 1793 324 1855 et
351 1809 454 1872 spem
485 1791 619 1855 bonnm
642 1791 680 1856 in
703 1792 850 1874 gretie,
881 1791 1114 1855 exhortetur
1141 1792 1255 1875 eorde
1276 1793 1414 1854 nostru

287 1898 324 1959 et
345 1894 557 1959 confirmet
578 1895 618 1959 in
640 1894 743 1958 omni
765 1911 881 1976 opere
904 1895 942 1958 et
963 1912 1142 1958 sermone
1163 1891 1276 1958 bono.

329 2013 448 2078 XVIII.
477 2015 584 2097 Ipsum
609 2013 741 2096 denique
771 2013 917 2078 timorem
938 2013 999 2090 dei,
1031 2031 1092 2095 qno
1114 2013 1246 2078 firmiter
1268 2032 1340 2078 eum
1362 2017 1411 2080 to·
1424 2045 1452 2084 ιε

287 2135 359 2182 nere
380 2117 545 2199 possimus,
570 2135 589 2182 a
611 2115 735 2181 domino
758 2117 846 2181 nobie
867 2116 1043 2201 Hieremiam
1065 2115 1218 2198 prophete
1233 2135 1270 2180 ex
1283 2135 1413 2199 persono

287 2223 337 2287 dei
364 2220 528 2286 manifeste
553 2221 690 2284 tentetur
713 2219 837 2286 infundi
864 2219 910 2285 itu
938 2220 1059 2284 dioene:
1087 2221 1126 2284 et
1148 2221 1248 2286 dubo
1271 2222 1327 2286 eie
1350 2240 1413 2287 eor

287 2341 417 2406 unum,
441 2329 478 2388 et
501 2325 604 2389 uiam
627 2341 756 2404 unam,
780 2326 822 2387 ut
844 2325 1013 2388 timeant
1034 2341 1090 2387 me
1112 2324 1322 2390 uniuersis
1337 2326 1413 2390 die·

286 2427 374 2492 bue:
404 2429 442 2492 et
468 2430 563 2493 bene
591 2426 648 2491 sit
676 2428 748 2503 eie,
779 2430 816 2491 et
845 2427 951 2491 filiis
981 2444 1113 2492 eorum
1141 2434 1234 2509 poet
1262 2446 1338 2494 eoo.
1375 2433 1416 2492 et

287 2530 427 2596 forium
457 2531 514 2595 eie
545 2531 702 2613 paetum
730 2530 1029 2613 sempiternum,
1064 2534 1101 2596 et
1131 2549 1206 2595 non
1238 2531 1452 2600 desinemeo

287 2632 348 2699 eie
376 2632 650 2699 benefecero:
679 2637 717 2698 et
744 2634 924 2699 timorem
953 2652 1078 2699 meum
1105 2636 1200 2701 doto
1229 2635 1268 2699 iu
1297 2636 1414 2701 eorde

286 2754 416 2802 eorum
437 2738 479 2800 ut
501 2754 573 2801 nou
593 2733 781 2801 recedent
803 2755 823 2801 e
842 2756 908 2802 me.
936 2738 1079 2803 Eneetiel
1095 2756 1233 2821 queque:
1255 2742 1293 2802 et
1315 2737 1414 2803 dobo

287 2840 342 2903 eie
376 2857 441 2903 cor
469 2858 603 2919 unum,
633 2840 671 2904 et
698 2839 887 2923 spiritum
914 2859 1056 2907 nouum
1084 2840 1260 2906 tribuam
1288 2842 1327 2906 in
1357 2841 1413 2904 ui-

287 2940 469 3006 eoeribue
492 2960 639 3007 eorum:
664 2942 702 3007 et
723 2942 899 3009 auserem
921 2962 984 3009 eor
1005 2942 1211 3027 lapideum
1233 2945 1276 3009 de
1299 2960 1413 3007 earne

287 3064 433 3123 eorum,
463 3048 501 3110 et
529 3045 626 3110 debe
655 3046 712 3113 eie
740 3064 805 3113 eor
834 3065 1032 3113 cerneum:
1056 3048 1099 3113 ut
1120 3050 1159 3113 in
1181 3046 1452 3130 praeceptione

287 3150 383 3214 meio
404 3149 625 3231 ambulent,
649 3152 688 3215 et
709 3149 958 3216 iudioiemeu
973 3150 1223 3231 custodient,
1240 3148 1414 3214 Ieoiunt-

388 3352 405 3405 6
423 3351 503 3406 Hebr.
523 3353 563 3418 13,
583 3353 684 3407 20-21
790 3353 872 3409 1011
890 3353 980 3409 These.
998 3355 1022 3419 2,
1042 3354 1143 3409 15-16
1248 3354 1279 3408 17
1298 3353 1415 3408 Hierum.

286 3437 328 3505 32,
346 3438 450 3493 ΒΗΘ
551 3438 585 3495 22
603 3441 696 3497 Etooh.
716 3442 759 3509 11,
776 3441 880 3495 19-20

340 3610 354 3662 1
374 3611 512 3678 permittet
530 3610 585 3664 12²:
612 3611 748 3680 permittit
766 3611 891 3669 12¹th
917 3612 1060 3681 permittet
1074 3612 1176 3668 W¹OP
1188 3618 1214 3667 et
1226 3613 1267 3667 D·
1279 3627 1314 3665 ex
1325 3611 1417 3667 attera

287 3696 453 3750 correctione
547 3697 606 3762 ert
622 3697 653 3752 Β
746 3697 831 3753 ficiet
847 3699 890 3754 X¹
986 3699 1212 3767 oontemptntione
1227 3698 1257 3753 D
1350 3698 1417 3751 tet

286 3779 388 3835 exitum
402 3782 478 3838 WO:
503 3782 587 3837 etiam
599 3798 638 3837 ex.
650 3783 708 3837 PX
732 3783 815 3839 etiem
827 3786 989 3853 prouentum
1001 3784 1034 3839 to
1045 3800 1100 3839 rae.
1111 3800 1147 3838 m.
1157 3786 1179 3839 2
1189 3784 1218 3838 D
1316 3782 1416 3838 {ibono

283 3868 372 3923 ΜΟ
455 3868 570 3937 pleoete
658 3869 859 3925 10idreeelonio.
871 3870 973 3927 DWX
997 3870 1114 3925 tuero
1200 3870 1294 3925 ueniet
1310 3872 1349 3927 W

287 3952 317 4005 11
330 3951 597 4009 dominnenorterP
657 3954 692 4008 13
701 3956 868 4011 bonorumO
926 3955 1195 4013 exmteturDWOP
1258 3958 1416 4017 ltihorem.

288 4037 310 4093 0
365 4080 367 4085 .
413 4039 446 4093 17
465 4038 512 4093 diri
529 4038 764 4097 menifestuturo
867 4041 900 4095 18
923 4042 1019 4111 unum]
1036 4057 1137 4097 nonum
1160 4042 1233 4097 ΒΨ
1332 4060 1417 4101 noem

286 4124 332 4191 (nn
350 4125 381 4177 iu
398 4127 465 4193 rae.)
488 4125 518 4178 D
547 4135 644 4179 nonem
668 4126 696 4181 P
800 4126 833 4181 21
857 4127 887 4181 in
910 4127 988 4182 eorde
1010 4126 1062 4196 (ele
1077 4127 1128 4195 τὴν
1144 4128 1269 4197 καρδίαν)
1291 4131 1417 4187 1117Χέ

285 4210 314 4265 in
332 4210 412 4265 eorde
432 4210 522 4265 OPX²
624 4211 658 4265 22
680 4210 841 4267 hiezechihet
865 4212 1156 4280 (diuturnum)
1180 4214 1210 4269 D
1239 4217 1419 4273 hiiereohihet

287 4295 310 4352 0
337 4296 471 4351 ezechihel
488 4297 515 4351 Ρ
618 4296 652 4350 23
669 4313 753 4351 unum
771 4297 894 4353 D¹W02
923 4313 1023 4353 nouum
1041 4300 1142 4356 D'PX
