<?xml version="1.0" encoding="UTF-8"?>
<!DOCTYPE html PUBLIC "-//W3C//DTD XHTML 1.0 Transitional//EN"
    "http://www.w3.org/TR/xhtml1/DTD/xhtml1-transitional.dtd">
<html xmlns="http://www.w3.org/1999/xhtml" xml:lang="en" lang="en">
 <head>
  <title>
</title>
<meta http-equiv="Content-Type" content="text/html;charset=utf-8" />
  <meta name='ocr-system' content='tesseract 3.04.00' />
  <meta name='ocr-capabilities' content='ocr_page ocr_carea ocr_par ocr_line ocrx_word'/>
</head>
<body>
  <div class='ocr_page' id='page_1' title='image "./corpusscriptoru14wiengoog_0203.png"; bbox 0 0 3009 5200; ppageno 0'>
   <div class='ocr_carea' id='block_1_1' title="bbox 535 432 1238 505">
    <p class='ocr_par' dir='ltr' id='par_1_1' title="bbox 535 432 1238 505">
     <span class='ocr_line' id='line_1_1' title="bbox 535 432 1238 505; baseline -0.001 -15"><span class='ocrx_word' id='word_1_1' title='bbox 535 432 696 491; x_wconf 80' lang='lat' dir='ltr'><strong>Conlatio</strong></span> <span class='ocrx_word' id='word_1_2' title='bbox 719 436 768 500; x_wconf 83' lang='lat' dir='ltr'><strong>VI,</strong></span> <span class='ocrx_word' id='word_1_3' title='bbox 787 436 811 491; x_wconf 92' lang='lat'><strong>1.</strong></span> <span class='ocrx_word' id='word_1_4' title='bbox 1176 438 1238 505; x_wconf 79' lang='lat'><strong>153</strong></span> 
     </span>
    </p>
   </div>
   <div class='ocr_carea' id='block_1_2' title="bbox 19 614 1237 1622">
    <p class='ocr_par' dir='ltr' id='par_1_2' title="bbox 19 614 1237 1622">
     <span class='ocr_line' id='line_1_2' title="bbox 127 614 1237 713; baseline 0.012 -32"><span class='ocrx_word' id='word_1_5' title='bbox 127 614 191 681; x_wconf 88' lang='lat' dir='ltr'><strong>XI.</strong></span> <span class='ocrx_word' id='word_1_6' title='bbox 219 618 279 685; x_wconf 89' lang='lat' dir='ltr'><strong>De</strong></span> <span class='ocrx_word' id='word_1_7' title='bbox 319 624 468 708; x_wconf 83' lang='lat' dir='ltr'><strong>duplici</strong></span> <span class='ocrx_word' id='word_1_8' title='bbox 497 645 608 712; x_wconf 83' lang='lat' dir='ltr'><strong>genere</strong></span> <span class='ocrx_word' id='word_1_9' title='bbox 635 627 880 711; x_wconf 74' lang='lat' dir='ltr'><strong>temptationum</strong></span> <span class='ocrx_word' id='word_1_10' title='bbox 906 644 984 711; x_wconf 85' lang='lat' dir='ltr'><strong>quae</strong></span> <span class='ocrx_word' id='word_1_11' title='bbox 1007 625 1124 713; x_wconf 88' lang='lat' dir='ltr'><strong>triplici</strong></span> <span class='ocrx_word' id='word_1_12' title='bbox 1146 630 1237 694; x_wconf 89' lang='lat' dir='ltr'><strong>modo</strong></span> 
     </span>
     <span class='ocr_line' id='line_1_3' title="bbox 216 723 457 795; baseline 0.033 -7"><span class='ocrx_word' id='word_1_13' title='bbox 216 723 457 795; x_wconf 84' lang='lat' dir='ltr'><strong>inferuntur.</strong></span> 
     </span>
     <span class='ocr_line' id='line_1_4' title="bbox 108 824 1236 919; baseline 0.008 -31"><span class='ocrx_word' id='word_1_14' title='bbox 108 824 190 891; x_wconf 91' lang='lat' dir='ltr'><strong>XII.</strong></span> <span class='ocrx_word' id='word_1_15' title='bbox 219 826 431 909; x_wconf 82' lang='lat' dir='ltr'><strong>Quomodo</strong></span> <span class='ocrx_word' id='word_1_16' title='bbox 455 832 505 899; x_wconf 89' lang='lat' dir='ltr'><strong>uir</strong></span> <span class='ocrx_word' id='word_1_17' title='bbox 525 836 627 900; x_wconf 89' lang='lat' dir='ltr'><strong>iustus</strong></span> <span class='ocrx_word' id='word_1_18' title='bbox 649 852 711 901; x_wconf 92' lang='lat' dir='ltr'><strong>non</strong></span> <span class='ocrx_word' id='word_1_19' title='bbox 727 852 825 919; x_wconf 84' lang='lat' dir='ltr'><strong>cerae,</strong></span> <span class='ocrx_word' id='word_1_20' title='bbox 848 834 901 900; x_wconf 87' lang='lat' dir='ltr'><strong>sed</strong></span> <span class='ocrx_word' id='word_1_21' title='bbox 917 833 1116 900; x_wconf 83' lang='lat' dir='ltr'><strong>adamantino</strong></span> <span class='ocrx_word' id='word_1_22' title='bbox 1131 834 1236 917; x_wconf 85' lang='lat' dir='ltr'><strong>signa·</strong></span> 
     </span>
     <span class='ocr_line' id='line_1_5' title="bbox 218 932 783 1005; baseline 0.014 -10"><span class='ocrx_word' id='word_1_23' title='bbox 218 932 325 997; x_wconf 90' lang='lat' dir='ltr'><strong>torio</strong></span> <span class='ocrx_word' id='word_1_24' title='bbox 360 936 489 1004; x_wconf 84' lang='lat' dir='ltr'><strong>debeat</strong></span> <span class='ocrx_word' id='word_1_25' title='bbox 510 956 574 1005; x_wconf 89' lang='lat' dir='ltr'><strong>esee</strong></span> <span class='ocrx_word' id='word_1_26' title='bbox 598 939 783 1005; x_wconf 89' lang='lat' dir='ltr'><strong>consimilis.</strong></span> 
     </span>
     <span class='ocr_line' id='line_1_6' title="bbox 27 1030 1236 1126; baseline 0.007 -31"><span class='ocrx_word' id='word_1_27' title='bbox 27 1051 38 1089; x_wconf 69' lang='grc' dir='ltr'>ε</span> <span class='ocrx_word' id='word_1_28' title='bbox 91 1030 191 1099; x_wconf 89' lang='lat' dir='ltr'><strong>XIII.</strong></span> <span class='ocrx_word' id='word_1_29' title='bbox 219 1032 490 1126; x_wconf 77' lang='lat' dir='ltr'><strong>Interrogatio,</strong></span> <span class='ocrx_word' id='word_1_30' title='bbox 524 1044 550 1108; x_wconf 89' lang='lat' dir='ltr'><strong>si</strong></span> <span class='ocrx_word' id='word_1_31' title='bbox 583 1042 683 1124; x_wconf 86' lang='lat' dir='ltr'><strong>possit</strong></span> <span class='ocrx_word' id='word_1_32' title='bbox 716 1061 805 1107; x_wconf 89' lang='lat' dir='ltr'><strong>mene</strong></span> <span class='ocrx_word' id='word_1_33' title='bbox 836 1040 953 1125; x_wconf 76' lang='lat' dir='ltr'><strong>iugiter</strong></span> <span class='ocrx_word' id='word_1_34' title='bbox 981 1040 1014 1105; x_wconf 94' lang='lat' dir='ltr'><strong>in</strong></span> <span class='ocrx_word' id='word_1_35' title='bbox 1047 1058 1110 1107; x_wconf 86' lang='lat' dir='ltr'><strong>una</strong></span> <span class='ocrx_word' id='word_1_36' title='bbox 1143 1040 1236 1121; x_wconf 88' lang='lat' dir='ltr'><strong>atque</strong></span> 
     </span>
     <span class='ocr_line' id='line_1_7' title="bbox 219 1140 700 1226; baseline 0.017 -24"><span class='ocrx_word' id='word_1_37' title='bbox 219 1140 367 1207; x_wconf 81' lang='lat' dir='ltr'><strong>eudem</strong></span> <span class='ocrx_word' id='word_1_38' title='bbox 398 1146 556 1226; x_wconf 76' lang='lat' dir='ltr'>qualitate</span> <span class='ocrx_word' id='word_1_39' title='bbox 579 1144 700 1211; x_wconf 87' lang='lat' dir='ltr'><strong>durare.</strong></span> 
     </span>
     <span class='ocr_line' id='line_1_8' title="bbox 74 1240 1029 1332; baseline 0.007 -28"><span class='ocrx_word' id='word_1_40' title='bbox 74 1240 191 1308; x_wconf 83' lang='lat' dir='ltr'><strong>XIIII.</strong></span> <span class='ocrx_word' id='word_1_41' title='bbox 221 1242 443 1328; x_wconf 81' lang='lat' dir='ltr'><strong>Responsio</strong></span> <span class='ocrx_word' id='word_1_42' title='bbox 466 1248 505 1313; x_wconf 86' lang='lat' dir='ltr'><strong>ad</strong></span> <span class='ocrx_word' id='word_1_43' title='bbox 526 1246 751 1331; x_wconf 69' lang='lat' dir='ltr'><strong>interrogantis</strong></span> <span class='ocrx_word' id='word_1_44' title='bbox 779 1246 1029 1332; x_wconf 74' lang='lat' dir='ltr'><strong>propositionem.</strong></span> 
     </span>
     <span class='ocr_line' id='line_1_9' title="bbox 115 1342 1030 1428; baseline 0.01 -22"><span class='ocrx_word' id='word_1_45' title='bbox 115 1342 194 1413; x_wconf 89' lang='lat' dir='ltr'><strong>XV.</strong></span> <span class='ocrx_word' id='word_1_46' title='bbox 222 1346 340 1428; x_wconf 81' lang='lat' dir='ltr'><strong>Quod</strong></span> <span class='ocrx_word' id='word_1_47' title='bbox 373 1349 606 1415; x_wconf 89' lang='lat' dir='ltr'><strong>detrimentum</strong></span> <span class='ocrx_word' id='word_1_48' title='bbox 629 1350 671 1417; x_wconf 92' lang='lat' dir='ltr'><strong>sit</strong></span> <span class='ocrx_word' id='word_1_49' title='bbox 694 1350 881 1417; x_wconf 84' lang='lat' dir='ltr'><strong>discedentis</strong></span> <span class='ocrx_word' id='word_1_50' title='bbox 904 1370 921 1415; x_wconf 91' lang='lat' dir='ltr'><strong>e</strong></span> <span class='ocrx_word' id='word_1_51' title='bbox 943 1350 1030 1415; x_wconf 89' lang='lat' dir='ltr'><strong>cella.</strong></span> 
     </span>
     <span class='ocr_line' id='line_1_10' title="bbox 97 1446 1233 1537; baseline 0.005 -26"><span class='ocrx_word' id='word_1_52' title='bbox 97 1446 194 1515; x_wconf 87' lang='lat' dir='ltr'><strong>XVI.</strong></span> <span class='ocrx_word' id='word_1_53' title='bbox 224 1451 285 1515; x_wconf 87' lang='lat' dir='ltr'><strong>De</strong></span> <span class='ocrx_word' id='word_1_54' title='bbox 335 1452 570 1519; x_wconf 86' lang='lat' dir='ltr'><strong>mutabilitate</strong></span> <span class='ocrx_word' id='word_1_55' title='bbox 607 1454 703 1520; x_wconf 88' lang='lat' dir='ltr'><strong>ctiam</strong></span> <span class='ocrx_word' id='word_1_56' title='bbox 749 1472 953 1537; x_wconf 88' lang='lat' dir='ltr'><strong>supernarum</strong></span> <span class='ocrx_word' id='word_1_57' title='bbox 991 1451 1233 1535; x_wconf 89' lang='lat' dir='ltr'><strong>caelestiumque</strong></span> 
     </span>
     <span class='ocr_line' id='line_1_11' title="bbox 19 1555 435 1622; baseline 0.01 -5"><span class='ocrx_word' id='word_1_58' title='bbox 19 1570 38 1609; x_wconf 80' lang='lat' dir='ltr'><strong>n</strong></span> <span class='ocrx_word' id='word_1_59' title='bbox 221 1555 435 1622; x_wconf 88' lang='lat' dir='ltr'><strong>uirtutum.</strong></span> 
     </span>
    </p>
   </div>
   <div class='ocr_carea' id='block_1_3' title="bbox 79 1654 980 1739">
    <p class='ocr_par' dir='ltr' id='par_1_3' title="bbox 79 1654 980 1739">
     <span class='ocr_line' id='line_1_12' title="bbox 79 1654 980 1739; baseline 0.007 -20"><span class='ocrx_word' id='word_1_60' title='bbox 79 1654 194 1721; x_wconf 86' lang='lat' dir='ltr'><strong>XVII.</strong></span> <span class='ocrx_word' id='word_1_61' title='bbox 222 1657 340 1739; x_wconf 81' lang='lat' dir='ltr'><strong>Quod</strong></span> <span class='ocrx_word' id='word_1_62' title='bbox 371 1676 471 1727; x_wconf 88' lang='lat' dir='ltr'><strong>nemo</strong></span> <span class='ocrx_word' id='word_1_63' title='bbox 493 1663 581 1726; x_wconf 86' lang='lat' dir='ltr'><strong>ruins</strong></span> <span class='ocrx_word' id='word_1_64' title='bbox 602 1660 767 1727; x_wconf 85' lang='lat' dir='ltr'><strong>subitanea</strong></span> <span class='ocrx_word' id='word_1_65' title='bbox 789 1659 980 1727; x_wconf 87' lang='lat' dir='ltr'><strong>conlabatur.</strong></span> 
     </span>
    </p>
   </div>
   <div class='ocr_carea' id='block_1_4' title="bbox 49 2014 1233 2205">
    <p class='ocr_par' dir='ltr' id='par_1_4' title="bbox 49 2014 1233 2205">
     <span class='ocr_line' id='line_1_13' title="bbox 87 2014 1233 2099; baseline 0.002 -20"><span class='ocrx_word' id='word_1_66' title='bbox 87 2016 112 2079; x_wconf 88' lang='lat' dir='ltr'>L</span> <span class='ocrx_word' id='word_1_67' title='bbox 138 2016 181 2079; x_wconf 93' lang='lat' dir='ltr'><strong>In</strong></span> <span class='ocrx_word' id='word_1_68' title='bbox 216 2014 461 2081; x_wconf 83' lang='lat' dir='ltr'><strong>Palaestiuae</strong></span> <span class='ocrx_word' id='word_1_69' title='bbox 490 2016 630 2099; x_wconf 83' lang='lat' dir='ltr'><strong>pertibus</strong></span> <span class='ocrx_word' id='word_1_70' title='bbox 660 2016 748 2084; x_wconf 87' lang='lat' dir='ltr'><strong>iuxta</strong></span> <span class='ocrx_word' id='word_1_71' title='bbox 775 2017 898 2085; x_wconf 83' lang='lat' dir='ltr'><strong>Thccue</strong></span> <span class='ocrx_word' id='word_1_72' title='bbox 921 2018 1036 2097; x_wconf 84' lang='lat' dir='ltr'><strong>uicum,</strong></span> <span class='ocrx_word' id='word_1_73' title='bbox 1059 2016 1113 2099; x_wconf 86' lang='lat' dir='ltr'><strong>qui</strong></span> <span class='ocrx_word' id='word_1_74' title='bbox 1134 2017 1233 2082; x_wconf 83' lang='lat' dir='ltr'><strong>Amos</strong></span> 
     </span>
     <span class='ocr_line' id='line_1_14' title="bbox 49 2117 1232 2205; baseline 0.001 -22"><span class='ocrx_word' id='word_1_75' title='bbox 49 2117 250 2201; x_wconf 75' lang='lat' dir='ltr'><strong>prophetem</strong></span> <span class='ocrx_word' id='word_1_76' title='bbox 288 2117 432 2184; x_wconf 88' lang='lat' dir='ltr'><strong>meruit</strong></span> <span class='ocrx_word' id='word_1_77' title='bbox 465 2136 634 2205; x_wconf 86' lang='lat' dir='ltr'><strong>procreare,</strong></span> <span class='ocrx_word' id='word_1_78' title='bbox 669 2121 805 2189; x_wconf 86' lang='lat' dir='ltr'><strong>solitudo</strong></span> <span class='ocrx_word' id='word_1_79' title='bbox 839 2120 1017 2187; x_wconf 86' lang='lat' dir='ltr'><strong>uastissima</strong></span> <span class='ocrx_word' id='word_1_80' title='bbox 1050 2121 1101 2186; x_wconf 90' lang='lat' dir='ltr'><strong>eet</strong></span> <span class='ocrx_word' id='word_1_81' title='bbox 1132 2138 1232 2203; x_wconf 88' lang='lat' dir='ltr'><strong>usque</strong></span> 
     </span>
    </p>
   </div>
   <div class='ocr_carea' id='block_1_5' title="bbox 23 2222 1262 3344">
    <p class='ocr_par' dir='ltr' id='par_1_5' title="bbox 23 2222 1262 3344">
     <span class='ocr_line' id='line_1_15' title="bbox 50 2222 1233 2310; baseline 0 -23"><span class='ocrx_word' id='word_1_82' title='bbox 50 2222 212 2287; x_wconf 77' lang='lat' dir='ltr'><strong>Arabiam</strong></span> <span class='ocrx_word' id='word_1_83' title='bbox 247 2242 295 2288; x_wconf 86' lang='lat' dir='ltr'><strong>ac</strong></span> <span class='ocrx_word' id='word_1_84' title='bbox 333 2241 435 2287; x_wconf 87' lang='lat' dir='ltr'><strong>mare</strong></span> <span class='ocrx_word' id='word_1_85' title='bbox 468 2226 635 2304; x_wconf 87' lang='lat' dir='ltr'><strong>mortuum,</strong></span> <span class='ocrx_word' id='word_1_86' title='bbox 670 2244 729 2308; x_wconf 89' lang='lat' dir='ltr'><strong>quo</strong></span> <span class='ocrx_word' id='word_1_87' title='bbox 762 2226 902 2310; x_wconf 79' lang='lat' dir='ltr'><strong>ingressa</strong></span> <span class='ocrx_word' id='word_1_88' title='bbox 935 2223 1084 2291; x_wconf 87' lang='lat' dir='ltr'><strong>deliciunt</strong></span> <span class='ocrx_word' id='word_1_89' title='bbox 1115 2222 1233 2287; x_wconf 88' lang='lat' dir='ltr'><strong>fluenta</strong></span> 
     </span>
     <span class='ocr_line' id='line_1_16' title="bbox 23 2324 1230 2413; baseline 0.002 -25"><span class='ocrx_word' id='word_1_90' title='bbox 23 2325 210 2405; x_wconf 66' lang='lat' dir='ltr'><strong>nlordanis</strong></span> <span class='ocrx_word' id='word_1_91' title='bbox 231 2328 274 2391; x_wconf 90' lang='lat' dir='ltr'><strong>et</strong></span> <span class='ocrx_word' id='word_1_92' title='bbox 295 2328 440 2392; x_wconf 85' lang='lat' dir='ltr'><strong>cineres</strong></span> <span class='ocrx_word' id='word_1_93' title='bbox 456 2324 659 2393; x_wconf 84' lang='lat' dir='ltr'><strong>Sodomorum</strong></span> <span class='ocrx_word' id='word_1_94' title='bbox 675 2328 870 2413; x_wconf 81' lang='lat' dir='ltr'><strong>amplissima</strong></span> <span class='ocrx_word' id='word_1_95' title='bbox 884 2327 1061 2394; x_wconf 80' lang='lat' dir='ltr'><strong>extensione</strong></span> <span class='ocrx_word' id='word_1_96' title='bbox 1077 2326 1230 2409; x_wconf 81' lang='lat' dir='ltr'><strong>porrecte.</strong></span> 
     </span>
     <span class='ocr_line' id='line_1_17' title="bbox 51 2430 1231 2499; baseline -0.001 -5"><span class='ocrx_word' id='word_1_97' title='bbox 51 2432 82 2494; x_wconf 89' lang='lat' dir='ltr'><strong>iu</strong></span> <span class='ocrx_word' id='word_1_98' title='bbox 107 2432 171 2497; x_wconf 79' lang='lat' dir='ltr'><strong>hoc</strong></span> <span class='ocrx_word' id='word_1_99' title='bbox 206 2449 391 2498; x_wconf 76' lang='lat' dir='ltr'><strong>summae</strong></span> <span class='ocrx_word' id='word_1_100' title='bbox 424 2430 507 2497; x_wconf 87' lang='lat' dir='ltr'><strong>uitae</strong></span> <span class='ocrx_word' id='word_1_101' title='bbox 528 2450 565 2497; x_wconf 90' lang='lat' dir='ltr'><strong>ao</strong></span> <span class='ocrx_word' id='word_1_102' title='bbox 585 2432 763 2498; x_wconf 82' lang='lat' dir='ltr'><strong>sanctitatis</strong></span> <span class='ocrx_word' id='word_1_103' title='bbox 791 2430 936 2499; x_wconf 86' lang='lat' dir='ltr'><strong>monachi</strong></span> <span class='ocrx_word' id='word_1_104' title='bbox 961 2430 1137 2499; x_wconf 87' lang='lat' dir='ltr'><strong>diutissIme</strong></span> <span class='ocrx_word' id='word_1_105' title='bbox 1158 2448 1231 2495; x_wconf 94' lang='lat' dir='ltr'><strong>con·</strong></span> 
     </span>
     <span class='ocr_line' id='line_1_18' title="bbox 52 2531 1229 2620; baseline -0.006 -18"><span class='ocrx_word' id='word_1_106' title='bbox 52 2536 216 2604; x_wconf 87' lang='lat' dir='ltr'><strong>morantes</strong></span> <span class='ocrx_word' id='word_1_107' title='bbox 235 2538 399 2620; x_wconf 82' lang='lat' dir='ltr'><strong>repente</strong></span> <span class='ocrx_word' id='word_1_108' title='bbox 416 2537 489 2600; x_wconf 91' lang='lat' dir='ltr'><strong>eunt</strong></span> <span class='ocrx_word' id='word_1_109' title='bbox 500 2552 519 2600; x_wconf 88' lang='lat' dir='ltr'><strong>a</strong></span> <span class='ocrx_word' id='word_1_110' title='bbox 530 2536 775 2602; x_wconf 81' lang='lat' dir='ltr'><strong>discurrentibus</strong></span> <span class='ocrx_word' id='word_1_111' title='bbox 791 2534 1031 2604; x_wconf 75' lang='lat' dir='ltr'><strong>serracenorum</strong></span> <span class='ocrx_word' id='word_1_112' title='bbox 1042 2531 1229 2600; x_wconf 80' lang='lat' dir='ltr'><strong>latrunculis</strong></span> 
     </span>
     <span class='ocr_line' id='line_1_19' title="bbox 54 2635 1262 2724; baseline -0.004 -20"><span class='ocrx_word' id='word_1_113' title='bbox 54 2641 262 2724; x_wconf 85' lang='lat' dir='ltr'><strong>iuterempti.</strong></span> <span class='ocrx_word' id='word_1_114' title='bbox 314 2657 463 2721; x_wconf 87' lang='lat' dir='ltr'><strong>quorum</strong></span> <span class='ocrx_word' id='word_1_115' title='bbox 486 2656 613 2722; x_wconf 88' lang='lat' dir='ltr'><strong>corpora</strong></span> <span class='ocrx_word' id='word_1_116' title='bbox 634 2639 709 2706; x_wconf 88' lang='lat' dir='ltr'><strong>licet</strong></span> <span class='ocrx_word' id='word_1_117' title='bbox 731 2639 884 2705; x_wconf 89' lang='lat' dir='ltr'><strong>sciremus</strong></span> <span class='ocrx_word' id='word_1_118' title='bbox 907 2640 975 2704; x_wconf 88' lang='lat' dir='ltr'><strong>tem</strong></span> <span class='ocrx_word' id='word_1_119' title='bbox 997 2635 1262 2720; x_wconf 67' lang='lat' dir='ltr'><strong>apontiticibust</strong></span> 
     </span>
     <span class='ocr_line' id='line_1_20' title="bbox 54 2737 1231 2830; baseline -0.005 -22"><span class='ocrx_word' id='word_1_120' title='bbox 54 2744 191 2830; x_wconf 80' lang='lat' dir='ltr'><strong>reglonis</strong></span> <span class='ocrx_word' id='word_1_121' title='bbox 217 2743 334 2810; x_wconf 87' lang='lat' dir='ltr'><strong>illius</strong></span> <span class='ocrx_word' id='word_1_122' title='bbox 364 2759 463 2824; x_wconf 84' lang='lat' dir='ltr'><strong>quem</strong></span> <span class='ocrx_word' id='word_1_123' title='bbox 486 2743 525 2808; x_wconf 86' lang='lat' dir='ltr'><strong>eb</strong></span> <span class='ocrx_word' id='word_1_124' title='bbox 540 2743 686 2808; x_wconf 84' lang='lat' dir='ltr'><strong>uniuersa</strong></span> <span class='ocrx_word' id='word_1_125' title='bbox 707 2742 797 2827; x_wconf 89' lang='lat' dir='ltr'><strong>plebe</strong></span> <span class='ocrx_word' id='word_1_126' title='bbox 812 2742 953 2809; x_wconf 82' lang='lat' dir='ltr'><strong>Arctum</strong></span> <span class='ocrx_word' id='word_1_127' title='bbox 970 2741 1062 2806; x_wconf 87' lang='lat' dir='ltr'><strong>tanta</strong></span> <span class='ocrx_word' id='word_1_128' title='bbox 1076 2737 1231 2805; x_wconf 86' lang='lat' dir='ltr'><strong>uenerati-</strong></span> 
     </span>
     <span class='ocr_line' id='line_1_21' title="bbox 26 2841 1230 2931; baseline -0.006 -18"><span class='ocrx_word' id='word_1_129' title='bbox 26 2866 47 2904; x_wconf 74' lang='lat' dir='ltr'><strong>a</strong></span> <span class='ocrx_word' id='word_1_130' title='bbox 56 2867 108 2913; x_wconf 92' lang='lat' dir='ltr'><strong>one</strong></span> <span class='ocrx_word' id='word_1_131' title='bbox 129 2847 336 2931; x_wconf 82' lang='lat' dir='ltr'><strong>praerepta</strong></span> <span class='ocrx_word' id='word_1_132' title='bbox 364 2848 400 2910; x_wconf 88' lang='lat' dir='ltr'><strong>et</strong></span> <span class='ocrx_word' id='word_1_133' title='bbox 423 2846 504 2910; x_wconf 89' lang='lat' dir='ltr'><strong>inter</strong></span> <span class='ocrx_word' id='word_1_134' title='bbox 518 2843 667 2927; x_wconf 78' lang='lat' dir='ltr'><strong>reliquiae</strong></span> <span class='ocrx_word' id='word_1_135' title='bbox 682 2846 857 2929; x_wconf 89' lang='lat' dir='ltr'><strong>martyrum</strong></span> <span class='ocrx_word' id='word_1_136' title='bbox 872 2845 1007 2923; x_wconf 81' lang='lat' dir='ltr'><strong>condite,</strong></span> <span class='ocrx_word' id='word_1_137' title='bbox 1022 2847 1059 2909; x_wconf 92' lang='lat' dir='ltr'><strong>ut</strong></span> <span class='ocrx_word' id='word_1_138' title='bbox 1074 2841 1230 2910; x_wconf 90' lang='lat' dir='ltr'><strong>innumeri</strong></span> 
     </span>
     <span class='ocr_line' id='line_1_22' title="bbox 55 2947 1230 3034; baseline -0.008 -16"><span class='ocrx_word' id='word_1_139' title='bbox 55 2952 162 3034; x_wconf 89' lang='lat' dir='ltr'><strong>populi</strong></span> <span class='ocrx_word' id='word_1_140' title='bbox 179 2973 200 3017; x_wconf 92' lang='lat' dir='ltr'><strong>e</strong></span> <span class='ocrx_word' id='word_1_141' title='bbox 218 2949 373 3017; x_wconf 89' lang='lat' dir='ltr'><strong>duobus</strong></span> <span class='ocrx_word' id='word_1_142' title='bbox 390 2947 513 3031; x_wconf 87' lang='lat' dir='ltr'><strong>oppidis</strong></span> <span class='ocrx_word' id='word_1_143' title='bbox 529 2951 747 3015; x_wconf 88' lang='lat' dir='ltr'><strong>concurrentes</strong></span> <span class='ocrx_word' id='word_1_144' title='bbox 762 2949 984 3034; x_wconf 81' lang='lat' dir='ltr'><strong>grauissimum</strong></span> <span class='ocrx_word' id='word_1_145' title='bbox 998 2947 1059 3014; x_wconf 88' lang='lat' dir='ltr'><strong>sibi</strong></span> <span class='ocrx_word' id='word_1_146' title='bbox 1071 2948 1230 3013; x_wconf 84' lang='lat' dir='ltr'><strong>certamen</strong></span> 
     </span>
     <span class='ocr_line' id='line_1_23' title="bbox 56 3049 1230 3137; baseline -0.004 -18"><span class='ocrx_word' id='word_1_147' title='bbox 56 3055 236 3121; x_wconf 87' lang='lat' dir='ltr'><strong>indixerint</strong></span> <span class='ocrx_word' id='word_1_148' title='bbox 264 3055 310 3118; x_wconf 90' lang='lat' dir='ltr'><strong>et</strong></span> <span class='ocrx_word' id='word_1_149' title='bbox 340 3068 446 3133; x_wconf 89' lang='lat' dir='ltr'><strong>usque</strong></span> <span class='ocrx_word' id='word_1_150' title='bbox 468 3051 508 3116; x_wconf 84' lang='lat' dir='ltr'><strong>ad</strong></span> <span class='ocrx_word' id='word_1_151' title='bbox 529 3049 708 3133; x_wconf 80' lang='lat' dir='ltr'><strong>gladiorum</strong></span> <span class='ocrx_word' id='word_1_152' title='bbox 730 3051 912 3119; x_wconf 85' lang='lat' dir='ltr'><strong>conflictum</strong></span> <span class='ocrx_word' id='word_1_153' title='bbox 926 3071 981 3137; x_wconf 93' lang='lat' dir='ltr'><strong>pro</strong></span> <span class='ocrx_word' id='word_1_154' title='bbox 997 3053 1105 3118; x_wconf 87' lang='lat' dir='ltr'><strong>sancta</strong></span> <span class='ocrx_word' id='word_1_155' title='bbox 1120 3049 1230 3133; x_wconf 90' lang='lat' dir='ltr'><strong>rapina</strong></span> 
     </span>
     <span class='ocr_line' id='line_1_24' title="bbox 56 3153 1230 3241; baseline -0.004 -19"><span class='ocrx_word' id='word_1_156' title='bbox 56 3159 96 3224; x_wconf 83' lang='lat' dir='ltr'><strong>sit</strong></span> <span class='ocrx_word' id='word_1_157' title='bbox 125 3177 251 3224; x_wconf 86' lang='lat' dir='ltr'><strong>eorum</strong></span> <span class='ocrx_word' id='word_1_158' title='bbox 287 3171 473 3241; x_wconf 85' lang='lat' dir='ltr'><strong>progressa</strong></span> <span class='ocrx_word' id='word_1_159' title='bbox 501 3153 669 3236; x_wconf 86' lang='lat' dir='ltr'><strong>contentio,</strong></span> <span class='ocrx_word' id='word_1_160' title='bbox 698 3155 774 3220; x_wconf 91' lang='lat' dir='ltr'><strong>dum</strong></span> <span class='ocrx_word' id='word_1_161' title='bbox 802 3157 854 3239; x_wconf 90' lang='lat' dir='ltr'><strong>pia</strong></span> <span class='ocrx_word' id='word_1_162' title='bbox 885 3157 967 3221; x_wconf 88' lang='lat' dir='ltr'><strong>inter</strong></span> <span class='ocrx_word' id='word_1_163' title='bbox 1001 3174 1034 3221; x_wconf 89' lang='lat' dir='ltr'><strong>se</strong></span> <span class='ocrx_word' id='word_1_164' title='bbox 1066 3154 1230 3219; x_wconf 89' lang='lat' dir='ltr'><strong>deuotione</strong></span> 
     </span>
     <span class='ocr_line' id='line_1_25' title="bbox 56 3257 1229 3344; baseline -0.007 -15"><span class='ocrx_word' id='word_1_165' title='bbox 56 3265 226 3330; x_wconf 71' lang='lat' dir='ltr'><strong>decertant</strong></span> <span class='ocrx_word' id='word_1_166' title='bbox 255 3261 412 3344; x_wconf 90' lang='lat' dir='ltr'><strong>quinam</strong></span> <span class='ocrx_word' id='word_1_167' title='bbox 435 3258 548 3324; x_wconf 88' lang='lat' dir='ltr'><strong>iustius</strong></span> <span class='ocrx_word' id='word_1_168' title='bbox 575 3277 682 3325; x_wconf 89' lang='lat' dir='ltr'><strong>eorum</strong></span> <span class='ocrx_word' id='word_1_169' title='bbox 713 3259 908 3342; x_wconf 88' lang='lat' dir='ltr'><strong>sepulturam</strong></span> <span class='ocrx_word' id='word_1_170' title='bbox 928 3277 964 3326; x_wconf 87' lang='lat' dir='ltr'><strong>ac</strong></span> <span class='ocrx_word' id='word_1_171' title='bbox 985 3257 1136 3342; x_wconf 78' lang='lat' dir='ltr'><strong>reliquias</strong></span> <span class='ocrx_word' id='word_1_172' title='bbox 1158 3275 1229 3340; x_wconf 88' lang='lat' dir='ltr'><strong>pos·</strong></span> 
     </span>
    </p>
   </div>
   <div class='ocr_carea' id='block_1_6' title="bbox 161 3445 468 3512">
    <p class='ocr_par' dir='ltr' id='par_1_6' title="bbox 161 3445 468 3512">
     <span class='ocr_line' id='line_1_26' title="bbox 161 3445 468 3512; baseline -0.029 -6"><span class='ocrx_word' id='word_1_173' title='bbox 161 3452 200 3507; x_wconf 81' lang='lat'><strong>13</strong></span> <span class='ocrx_word' id='word_1_174' title='bbox 222 3449 265 3506; x_wconf 81' lang='lat' dir='ltr'><strong>cf.</strong></span> <span class='ocrx_word' id='word_1_175' title='bbox 289 3448 391 3503; x_wconf 85' lang='lat' dir='ltr'><strong>Amos</strong></span> <span class='ocrx_word' id='word_1_176' title='bbox 410 3445 468 3512; x_wconf 89' lang='lat'><strong>1,1</strong></span> 
     </span>
    </p>
   </div>
   <div class='ocr_carea' id='block_1_7' title="bbox 60 3613 1231 4082">
    <p class='ocr_par' dir='ltr' id='par_1_7' title="bbox 60 3613 1231 4082">
     <span class='ocr_line' id='line_1_27' title="bbox 108 3613 1165 3686; baseline -0.01 -8"><span class='ocrx_word' id='word_1_177' title='bbox 108 3624 126 3677; x_wconf 89' lang='lat'><strong>3</strong></span> <span class='ocrx_word' id='word_1_178' title='bbox 152 3620 328 3677; x_wconf 79' lang='lat' dir='ltr'><strong>amantino</strong></span> <span class='ocrx_word' id='word_1_179' title='bbox 360 3616 393 3671; x_wconf 92' lang='lat' dir='ltr'><em>D</em></span> <span class='ocrx_word' id='word_1_180' title='bbox 422 3614 629 3671; x_wconf 82' lang='lat' dir='ltr'><strong>udedamantIno</strong></span> <span class='ocrx_word' id='word_1_181' title='bbox 656 3616 688 3671; x_wconf 89' lang='lat' dir='ltr'><strong>X</strong></span> <span class='ocrx_word' id='word_1_182' title='bbox 808 3618 826 3672; x_wconf 81' lang='lat'><strong>5</strong></span> <span class='ocrx_word' id='word_1_183' title='bbox 852 3617 937 3686; x_wconf 76' lang='lat' dir='ltr'><strong>cdque</strong></span> <span class='ocrx_word' id='word_1_184' title='bbox 962 3615 992 3669; x_wconf 90' lang='lat' dir='ltr'><strong>iu</strong></span> <span class='ocrx_word' id='word_1_185' title='bbox 1017 3613 1108 3668; x_wconf 71' lang='lat' dir='ltr'><strong>unam</strong></span> <span class='ocrx_word' id='word_1_186' title='bbox 1138 3613 1165 3668; x_wconf 98' lang='lat' dir='ltr'><strong><em>V</em></strong></span> 
     </span>
     <span class='ocr_line' id='line_1_28' title="bbox 60 3705 1231 3794; baseline -0.006 -15"><span class='ocrx_word' id='word_1_187' title='bbox 60 3725 75 3779; x_wconf 79' lang='lat' dir='ltr'><strong>r</strong></span> <span class='ocrx_word' id='word_1_188' title='bbox 100 3725 340 3794; x_wconf 72' lang='lat' dir='ltr'><strong>interrogantes</strong></span> <span class='ocrx_word' id='word_1_189' title='bbox 373 3717 409 3775; x_wconf 58' lang='grc' dir='ltr'><strong>ν’</strong></span> <span class='ocrx_word' id='word_1_190' title='bbox 509 3719 659 3774; x_wconf 65' lang='lat' dir='ltr'><strong>aaron</strong></span> <span class='ocrx_word' id='word_1_191' title='bbox 691 3719 763 3775; x_wconf 72' lang='lat' dir='ltr'><strong>au</strong></span> <span class='ocrx_word' id='word_1_192' title='bbox 794 3719 829 3773; x_wconf 71' lang='lat' dir='ltr'><strong>ee</strong></span> <span class='ocrx_word' id='word_1_193' title='bbox 854 3705 975 3775; x_wconf 73' lang='lat' dir='ltr'><strong>arrio</strong></span> <span class='ocrx_word' id='word_1_194' title='bbox 1077 3718 1108 3771; x_wconf 88' lang='lat'><strong>11</strong></span> <span class='ocrx_word' id='word_1_195' title='bbox 1136 3715 1231 3772; x_wconf 71' lang='lat' dir='ltr'><strong>ruinae</strong></span> 
     </span>
     <span class='ocr_line' id='line_1_29' title="bbox 61 3807 1165 3894; baseline -0.01 -10"><span class='ocrx_word' id='word_1_196' title='bbox 61 3829 101 3884; x_wconf 76' lang='lat' dir='ltr'><strong>ru</strong></span> <span class='ocrx_word' id='word_1_197' title='bbox 214 3825 360 3882; x_wconf 71' lang='lat' dir='ltr'><strong>nentur</strong></span> <span class='ocrx_word' id='word_1_198' title='bbox 385 3807 624 3891; x_wconf 66' lang='lat' dir='ltr'><strong>capitaneum.</strong></span> <span class='ocrx_word' id='word_1_199' title='bbox 648 3825 725 3894; x_wconf 75' lang='lat' dir='ltr'><strong>(poc</strong></span> <span class='ocrx_word' id='word_1_200' title='bbox 747 3823 872 3891; x_wconf 63' lang='lat' dir='ltr'><strong>uacua</strong></span> <span class='ocrx_word' id='word_1_201' title='bbox 894 3823 972 3880; x_wconf 71' lang='lat' dir='ltr'><strong>cau.</strong></span> <span class='ocrx_word' id='word_1_202' title='bbox 999 3820 1115 3888; x_wconf 73' lang='lat' dir='ltr'><strong>Vr-x)</strong></span> <span class='ocrx_word' id='word_1_203' title='bbox 1139 3822 1165 3873; x_wconf 79' lang='grc' dir='ltr'><strong><em>ν</em></strong></span> 
     </span>
     <span class='ocr_line' id='line_1_30' title="bbox 62 3911 1230 4002; baseline -0.009 -14"><span class='ocrx_word' id='word_1_204' title='bbox 62 3933 227 4002; x_wconf 70' lang='lat' dir='ltr'><strong>upueaunc</strong></span> <span class='ocrx_word' id='word_1_205' title='bbox 250 3923 395 3997; x_wconf 75' lang='lat' dir='ltr'><strong>capitula</strong></span> <span class='ocrx_word' id='word_1_206' title='bbox 412 3924 455 3978; x_wconf 80' lang='lat' dir='ltr'><strong>n:</strong></span> <span class='ocrx_word' id='word_1_207' title='bbox 483 3941 533 3979; x_wconf 70' lang='lat' dir='ltr'><strong>aa.</strong></span> <span class='ocrx_word' id='word_1_208' title='bbox 556 3925 611 3982; x_wconf 78' lang='lat' dir='ltr'><strong>ox</strong></span> <span class='ocrx_word' id='word_1_209' title='bbox 689 3924 791 3995; x_wconf 77' lang='lat' dir='ltr'><strong>nepa</strong></span> <span class='ocrx_word' id='word_1_210' title='bbox 808 3926 924 3981; x_wconf 72' lang='lat' dir='ltr'><strong>ennon</strong></span> <span class='ocrx_word' id='word_1_211' title='bbox 943 3911 1048 3994; x_wconf 68' lang='lat' dir='ltr'><strong>(auat</strong></span> <span class='ocrx_word' id='word_1_212' title='bbox 1061 3924 1103 3994; x_wconf 83' lang='lat' dir='ltr'><strong>u)</strong></span> <span class='ocrx_word' id='word_1_213' title='bbox 1122 3923 1230 3978; x_wconf 65' lang='lat' dir='ltr'><strong>seusa</strong></span> 
     </span>
     <span class='ocr_line' id='line_1_31' title="bbox 61 4010 1229 4082; baseline -0.009 -8"><span class='ocrx_word' id='word_1_214' title='bbox 61 4018 189 4074; x_wconf 81' lang='lat' dir='ltr'><strong>theodori</strong></span> <span class='ocrx_word' id='word_1_215' title='bbox 216 4015 258 4070; x_wconf 83' lang='lat' dir='ltr'><strong>de</strong></span> <span class='ocrx_word' id='word_1_216' title='bbox 286 4027 364 4067; x_wconf 85' lang='lat' dir='ltr'><strong>nece</strong></span> <span class='ocrx_word' id='word_1_217' title='bbox 387 4013 538 4066; x_wconf 75' lang='lat' dir='ltr'><strong>sanctornm</strong></span> <span class='ocrx_word' id='word_1_218' title='bbox 560 4010 687 4068; x_wconf 78' lang='lat' dir='ltr'><strong>VDIVX</strong></span> <span class='ocrx_word' id='word_1_219' title='bbox 786 4011 888 4082; x_wconf 90' lang='lat' dir='ltr'><strong>Incipit</strong></span> <span class='ocrx_word' id='word_1_220' title='bbox 909 4011 978 4066; x_wconf 84' lang='lat' dir='ltr'><strong>liber</strong></span> <span class='ocrx_word' id='word_1_221' title='bbox 998 4014 1087 4066; x_wconf 79' lang='lat' dir='ltr'><strong>sentus</strong></span> <span class='ocrx_word' id='word_1_222' title='bbox 1111 4011 1143 4065; x_wconf 88' lang='lat' dir='ltr'><strong>de</strong></span> <span class='ocrx_word' id='word_1_223' title='bbox 1166 4025 1229 4064; x_wconf 85' lang='lat' dir='ltr'><strong>uecc</strong></span> 
     </span>
    </p>
   </div>
   <div class='ocr_carea' id='block_1_8' title="bbox 63 4110 1229 4443">
    <p class='ocr_par' dir='ltr' id='par_1_8' title="bbox 63 4110 1229 4443">
     <span class='ocr_line' id='line_1_32' title="bbox 63 4110 1229 4183; baseline -0.003 -12"><span class='ocrx_word' id='word_1_224' title='bbox 63 4110 169 4177; x_wconf 60' lang='lat' dir='ltr'><strong>cccrum</strong></span> <span class='ocrx_word' id='word_1_225' title='bbox 195 4119 224 4177; x_wconf 92' lang='grc'><em>0</em></span> <span class='ocrx_word' id='word_1_226' title='bbox 347 4115 382 4169; x_wconf 83' lang='grc'><strong>12</strong></span> <span class='ocrx_word' id='word_1_227' title='bbox 400 4113 550 4183; x_wconf 68' lang='lat' dir='ltr'><strong>palastinae</strong></span> <span class='ocrx_word' id='word_1_228' title='bbox 567 4113 595 4169; x_wconf 91' lang='lat' dir='ltr'><strong><em>V</em></strong></span> <span class='ocrx_word' id='word_1_229' title='bbox 684 4116 756 4170; x_wconf 87' lang='lat' dir='ltr'><strong>insta</strong></span> <span class='ocrx_word' id='word_1_230' title='bbox 778 4116 801 4170; x_wconf 90' lang='lat'><em>0</em></span> <span class='ocrx_word' id='word_1_231' title='bbox 897 4115 1008 4170; x_wconf 72' lang='lat' dir='ltr'><strong>thecuae</strong></span> <span class='ocrx_word' id='word_1_232' title='bbox 1028 4113 1089 4169; x_wconf 79' lang='lat' dir='ltr'><strong>VD·</strong></span> <span class='ocrx_word' id='word_1_233' title='bbox 1117 4113 1229 4168; x_wconf 79' lang='lat' dir='ltr'><strong>thuecue</strong></span> 
     </span>
     <span class='ocr_line' id='line_1_33' title="bbox 67 4198 1160 4270; baseline -0.01 -6"><span class='ocrx_word' id='word_1_234' title='bbox 67 4209 128 4264; x_wconf 78' lang='lat' dir='ltr'><strong>wo</strong></span> <span class='ocrx_word' id='word_1_235' title='bbox 246 4204 292 4260; x_wconf 84' lang='lat'><strong>13</strong></span> <span class='ocrx_word' id='word_1_236' title='bbox 315 4215 405 4270; x_wconf 86' lang='lat' dir='ltr'><strong>usque</strong></span> <span class='ocrx_word' id='word_1_237' title='bbox 423 4199 456 4253; x_wconf 85' lang='lat' dir='ltr'><strong>ed</strong></span> <span class='ocrx_word' id='word_1_238' title='bbox 474 4199 521 4256; x_wconf 85' lang='lat' dir='ltr'><strong>VO</strong></span> <span class='ocrx_word' id='word_1_239' title='bbox 623 4202 654 4256; x_wconf 89' lang='grc'><strong>15</strong></span> <span class='ocrx_word' id='word_1_240' title='bbox 679 4206 706 4256; x_wconf 89' lang='lat' dir='ltr'><strong>et</strong></span> <span class='ocrx_word' id='word_1_241' title='bbox 728 4203 757 4255; x_wconf 91' lang='lat' dir='ltr'><strong>in</strong></span> <span class='ocrx_word' id='word_1_242' title='bbox 780 4217 884 4257; x_wconf 86' lang='lat' dir='ltr'><strong>cencres</strong></span> <span class='ocrx_word' id='word_1_243' title='bbox 902 4203 927 4270; x_wconf 85' lang='lat' dir='ltr'><strong>(a</strong></span> <span class='ocrx_word' id='word_1_244' title='bbox 943 4200 1010 4256; x_wconf 83' lang='lat' dir='ltr'><strong>cdd.</strong></span> <span class='ocrx_word' id='word_1_245' title='bbox 1026 4203 1106 4266; x_wconf 64' lang='lat' dir='ltr'><strong>not)</strong></span> <span class='ocrx_word' id='word_1_246' title='bbox 1130 4198 1160 4253; x_wconf 90' lang='lat' dir='ltr'><em>D</em></span> 
     </span>
     <span class='ocr_line' id='line_1_34' title="bbox 65 4284 1164 4355; baseline -0.009 -6"><span class='ocrx_word' id='word_1_247' title='bbox 65 4293 228 4348; x_wconf 63' lang='lat' dir='ltr'><strong>munitione</strong></span> <span class='ocrx_word' id='word_1_248' title='bbox 252 4289 282 4346; x_wconf 91' lang='lat' dir='ltr'><strong><em>O</em></strong></span> <span class='ocrx_word' id='word_1_249' title='bbox 398 4285 432 4338; x_wconf 87' lang='lat'><strong>16</strong></span> <span class='ocrx_word' id='word_1_250' title='bbox 449 4284 508 4355; x_wconf 84' lang='lat' dir='ltr'><strong>hec]</strong></span> <span class='ocrx_word' id='word_1_251' title='bbox 526 4301 557 4341; x_wconf 84' lang='lat' dir='ltr'><strong>ac</strong></span> <span class='ocrx_word' id='word_1_252' title='bbox 572 4285 658 4344; x_wconf 83' lang='lat' dir='ltr'><strong>D¹W</strong></span> <span class='ocrx_word' id='word_1_253' title='bbox 754 4288 786 4341; x_wconf 88' lang='grc'><strong>17</strong></span> <span class='ocrx_word' id='word_1_254' title='bbox 805 4286 972 4343; x_wconf 74' lang='lat' dir='ltr'><strong>ommino</strong></span> <span class='ocrx_word' id='word_1_255' title='bbox 999 4301 1113 4341; x_wconf 75' lang='lat' dir='ltr'><strong>earsccu.</strong></span> <span class='ocrx_word' id='word_1_256' title='bbox 1131 4285 1164 4340; x_wconf 86' lang='lat' dir='ltr'><strong>X</strong></span> 
     </span>
     <span class='ocr_line' id='line_1_35' title="bbox 66 4370 1162 4443; baseline -0.007 -8"><span class='ocrx_word' id='word_1_257' title='bbox 66 4379 226 4434; x_wconf 72' lang='lat' dir='ltr'><strong>latronibus</strong></span> <span class='ocrx_word' id='word_1_258' title='bbox 243 4373 294 4430; x_wconf 80' lang='lat' dir='ltr'><strong><em>W</em></strong></span> <span class='ocrx_word' id='word_1_259' title='bbox 366 4370 616 4428; x_wconf 80' lang='lat' dir='ltr'><strong>24decerterentD</strong></span> <span class='ocrx_word' id='word_1_260' title='bbox 685 4373 877 4442; x_wconf 82' lang='lat' dir='ltr'><strong>sepulturaeD</strong></span> <span class='ocrx_word' id='word_1_261' title='bbox 944 4371 1162 4443; x_wconf 77' lang='lat' dir='ltr'><strong>possederantV¹</strong></span> 
     </span>
    </p>
   </div>
   <div class='ocr_carea' id='block_1_9' title="bbox 0 0 1527 5200">
    <p class='ocr_par' dir='ltr' id='par_1_9' title="bbox 0 0 1527 5200">
     <span class='ocr_line' id='line_1_36' title="bbox 0 0 1527 5200; baseline 0 0"><span class='ocrx_word' id='word_1_262' title='bbox 0 0 1527 5200; x_wconf 95' lang='lat' dir='ltr'><strong> </strong></span> 
     </span>
    </p>
   </div>
  </div>
 </body>
</html>
