3009 5200
695 479 858 533 Iohannis
877 477 1035 534 Cassiani

850 1111 878 1193 Ι.

375 1315 644 1413 tonnlllo
684 1309 923 1410 ABBATIS
962 1311 1132 1409 nolet
1171 1311 1355 1408 PRIMA.

445 1539 497 1603 nn
519 1536 716 1602 nonnoni
742 1534 1051 1602 onsnnnnnronn
1074 1535 1152 1600 vnn
1175 1535 1285 1600 sinn.

742 1770 988 1855 tnrlnvnn.

415 1947 441 2011 l.
465 1947 510 2011 Do
531 1945 725 2010 habitatione
749 1945 839 2011 Scitii
861 1949 892 2010 ot
914 1945 1068 2027 proposito
1088 1943 1214 2009 abbatis
1235 1942 1344 2028 Moysi.
1454 1959 1470 1999 a

398 2050 441 2114 ΙΙ.
467 2050 512 2113 Do
527 2047 767 2131 interrogatione
779 2047 899 2113 abbatis
911 2047 1010 2130 Moysi
1023 2047 1200 2129 quaerentis
1211 2049 1264 2129 qui
1275 2046 1427 2112 monacho

465 2168 569 2232 scopos
585 2151 637 2216 uel
658 2152 711 2232 qui
733 2151 776 2215 sit
797 2150 878 2214 finis.
1202 2161 1206 2170 '

379 2253 439 2318 III.
463 2256 508 2320 De
530 2254 725 2334 responsione
748 2254 865 2316 nostra.

362 2357 438 2422 IIII.
465 2358 508 2420 De
537 2355 779 2437 interrogatione
812 2354 936 2422 abbatis
967 2355 1069 2438 Moysi
1096 2375 1187 2440 super
1216 2354 1426 2441 propositione

466 2458 628 2542 praedicta
1437 2483 1467 2522 ιο

402 2563 439 2628 ll.
464 2562 509 2628 De
532 2562 749 2645 conparatione
779 2561 845 2627 eius
873 2562 926 2644 qui
952 2562 1109 2627 destinata
1131 2562 1223 2628 ferire
1245 2564 1423 2630 contendat.

388 2666 442 2732 Vl.
467 2668 512 2732 De
539 2665 588 2729 his
617 2665 671 2746 qui
704 2666 958 2730 abrenuntiantes
992 2667 1108 2730 mundo
1137 2666 1176 2730 ad
1202 2666 1423 2749 perfectionem

465 2768 530 2833 sine
554 2768 684 2833 caritate
708 2768 909 2833 contendunt.

376 2871 443 2937 VII.
465 2872 511 2936 De
534 2872 704 2953 appetenda
726 2871 958 2953 tranquillitate
980 2871 1090 2937 cerdic.

354 2973 440 3037 VIll.
464 2975 509 3039 De
531 2974 695 3057 principali
723 2978 836 3039 conatu
858 2993 932 3058 erga
958 2974 1134 3040 diuinarum
1157 2994 1262 3040 rerum
1284 2980 1464 3045 contem-1⁵

466 3076 639 3157 plationem
661 3079 693 3142 et
717 3077 924 3141 similitudine
945 3078 1065 3142 Mariae
1088 3083 1120 3143 et
1146 3078 1296 3144 Marthae.

333 3178 438 3243 VIIII.
462 3178 679 3263 Interrogatio,
709 3179 861 3262 quomodo
890 3180 1058 3246 efficientia
1085 3180 1240 3247 uirtutum
1270 3202 1330 3247 non
1353 3199 1423 3247 cunr

467 3280 592 3347 homino
613 3288 800 3364 perseueret.

397 3386 435 3451 X.
459 3384 636 3467 Responsio,
670 3386 751 3467 qnod
785 3403 845 3450 non
878 3386 922 3450 sit
956 3404 1063 3452 earnm
1098 3406 1225 3467 meroes,
1260 3388 1314 3452 sed
1342 3388 1422 3452 actio

466 3492 632 3554 cessatura.
1430 3524 1464 3563 so

386 3590 442 3655 xl.
468 3594 512 3658 De
535 3590 674 3656 caritatis
699 3592 916 3674 perpetuitate.

369 3692 441 3758 XII.
465 3694 673 3776 Interrogatio
697 3695 735 3757 de
757 3696 989 3777 perseuerantia
1011 3696 1161 3778 spiritalis
1183 3695 1331 3764 theoriae.

351 3797 439 3863 XIII.
463 3796 632 3878 Responsio
662 3798 698 3862 de
726 3798 895 3864 directione
924 3799 1024 3864 cordis
1044 3799 1079 3864 in
1100 3800 1192 3865 deum
1215 3807 1246 3865 et
1267 3801 1305 3865 de
1327 3818 1417 3884 regno

466 3901 514 3965 dei
537 3904 568 3965 et
590 3920 684 3985 regno
708 3900 835 3968 diaboli.

354 4186 371 4241 5
388 4187 487 4256 scythii
506 4186 536 4241 X
639 4190 655 4243 6
674 4204 725 4257 qua
742 4190 870 4243 monacho
886 4188 927 4243 D²
1028 4191 1046 4245 8
1068 4192 1246 4261 responsione]
1265 4206 1374 4279 scopone
1388 4193 1418 4248 D

303 4323 363 4361 cum
375 4322 429 4361 rae.
441 4324 529 4376 sopra
541 4324 601 4364 coc.
682 4310 699 4363 9
717 4308 824 4364 abbatis
841 4325 892 4365 om.
911 4310 963 4364 Xo
1043 4312 1076 4365 16
1095 4311 1273 4367 similitudine
1290 4312 1357 4367 DX

302 4392 336 4445 24
354 4392 395 4446 dei
413 4396 441 4446 et
458 4409 537 4462 regno
556 4410 605 4450 om.
623 4395 654 4449 X
756 4411 837 4465 regno
856 4400 921 4449 ante
937 4394 1035 4449 diaboli
1053 4412 1136 4452 ωηο
