3009 5200
456 445 616 502 Conlatio
635 447 699 512 XII,
720 447 829 506 12-15.
1141 451 1204 518 357

3 619 4 702 l
76 636 180 700 omnia
211 654 289 718 quae
319 637 351 701 in
381 637 445 702 suls
475 637 623 719 peculiari
646 638 748 720 gratia
771 640 914 704 dominus
937 642 1081 721 operatur
1104 643 1202 707 tacita

78 743 179 804 mente
202 740 395 820 perlustrans
420 741 590 823 horumque
612 741 753 806 omnium
784 742 928 807 adtonita
956 743 1201 810 consideratione

76 845 253 909 flammatus
270 861 339 908 curu
356 844 468 908 intimo
484 845 584 910 cordia
601 845 787 910 exclamabit
809 844 939 910 affectu:
963 845 1063 910 mira
1085 864 1202 928 opera

76 958 159 1022 tua,
195 951 235 1010 et
265 948 396 1011 anima
425 965 507 1012 mea
537 947 744 1030 cognoscit
773 946 902 1012 nimis.
942 948 1028 1014 istud
1056 966 1130 1030 ergo
1153 952 1201 1014 eat

56 1051 216 1116 sonabile
239 1069 314 1132 opus
336 1051 395 1126 dei,
419 1049 575 1115 hominem
600 1067 746 1117 carneum
763 1050 901 1116 carnales
918 1050 1046 1116 allectus
1061 1050 1094 1114 in
1112 1069 1202 1116 carne

74 1155 207 1234 positum
233 1156 387 1235 respuisse
408 1154 440 1218 et
463 1153 496 1218 in
519 1156 608 1219 tanta
624 1173 726 1220 rerum
743 1159 836 1236 atque
851 1153 1032 1218 incursuum
1049 1154 1202 1219 uarietate

74 1277 169 1321 unum
200 1257 307 1321 tenere
336 1257 434 1322 animi
464 1257 582 1322 statum
612 1259 706 1338 atque
737 1256 920 1323 inmobilem
947 1257 981 1320 in
1004 1258 1089 1321 omni
1111 1275 1200 1322 acce·

74 1359 212 1424 dentium
246 1359 477 1442 permutatione
510 1362 633 1425 durare.
679 1377 739 1442 qua
772 1359 891 1424 uirtute
925 1359 1075 1424 fundatus
1107 1369 1231 1434 sonori}

74 1462 199 1544 quidam
224 1479 296 1527 cum
319 1462 401 1545 apud
424 1461 650 1526 Alexandriam
676 1461 779 1527 curbis
800 1460 974 1528 infidelium
996 1460 1200 1527 circumfusus

47 1584 131 1630 onon
160 1566 264 1630 solum
293 1565 476 1647 maledictis,
509 1584 617 1631 uerum
640 1566 735 1630 etiam
763 1565 961 1646 grauissimis
982 1566 1201 1648 inpellentium

73 1671 264 1750 urgueretur
298 1667 421 1734 iniuriis
455 1670 544 1751 eique
574 1687 592 1733 a
621 1668 887 1747 subsannantibus
921 1669 1091 1734 diceretur:
1125 1669 1199 1752 quid

75 1772 219 1837 miraculi
248 1769 389 1836 Christus
416 1777 529 1849 uester,
557 1789 649 1853 quem
672 1771 786 1853 colitis,
813 1771 911 1836 iecit?
933 1771 998 1849 ille,
1022 1775 1065 1847 ut,
1088 1772 1200 1855 inquit,

75 1874 121 1938 bis
155 1893 193 1940 ao
228 1873 408 1954 maioribus,
443 1874 470 1941 ai
502 1874 685 1952 intuleritis,
720 1892 782 1939 non
818 1892 943 1940 mouear
975 1895 1032 1942 nec
1064 1876 1201 1942 offendar

73 1978 204 2042 iniuriis.

47 2121 67 2161 n
114 2099 223 2164 XIIII.
254 2115 452 2166 capuanus:
487 2099 641 2180 Quoniam
675 2117 729 2164 nos
759 2099 924 2164 admiratio
955 2117 1016 2164 non
1046 2101 1200 2166 humanae

75 2202 162 2268 huius
197 2221 298 2284 neque
332 2205 480 2284 terrenae,
516 2203 569 2268 sed
604 2204 695 2286 plane
728 2203 874 2268 caelestis
910 2206 1010 2286 atque
1038 2202 1198 2286 angelicae

75 2306 229 2370 castitatis
263 2307 309 2371 ita
345 2308 448 2372 subito
493 2310 617 2388 stupore
652 2305 802 2384 confudit,
840 2310 876 2370 ut
912 2310 1061 2371 terrorem
1098 2307 1198 2391 magis

76 2408 298 2490 desperationis
321 2409 475 2474 incuteret
497 2427 590 2491 quam
614 2407 652 2473 ad
676 2408 878 2490 expetendam
894 2427 927 2474 se
941 2411 1063 2474 nostros
1078 2409 1199 2474 animos

75 2514 265 2593 prouocaret,
301 2529 489 2595 quaesumus
523 2515 561 2576 ut
589 2529 644 2576 uos
673 2511 710 2576 de
739 2511 954 2578 obseruantiac
982 2511 1134 2595 qualitate
1163 2530 1200 2576 ac

48 2618 219 2699 atemporis
242 2617 342 2698 modo,
366 2634 425 2699 quo
448 2616 568 2699 adquiri
592 2616 642 2680 uel
666 2616 772 2698 perfici
795 2618 910 2694 ualeat,
927 2616 1069 2681 doctrina
1083 2616 1198 2700 plenis·

75 2721 167 2785 simae
205 2720 427 2802 disputationis
461 2719 619 2799 instituas,
655 2723 807 2802 quatenus
837 2722 868 2784 et
892 2720 1098 2786 consummari
1129 2738 1197 2784 cam

75 2842 158 2903 posse
186 2823 349 2888 credamus
379 2826 411 2888 et
438 2826 477 2888 ad
505 2824 709 2905 expetendam
739 2824 883 2904 deinceps
907 2822 1009 2904 spatio
1032 2823 1197 2887 constituti

76 2928 220 3009 temporis
243 2928 427 2993 animemur.
466 2925 802 3009 inconprehensibilem
825 2945 958 3010 namque
973 2944 1041 2991 eam
1056 2928 1089 2990 in
1105 2943 1197 2991 carue

76 3030 127 3095 hac
156 3030 266 3111 positis
296 3030 524 3112 quodammodo
553 3030 738 3105 iudicamus,
770 3030 831 3095 nisi
862 3030 952 3095 nobis
973 3030 1047 3095 ordo
1069 3030 1198 3112 quidam

49 3146 109 3197 sac
137 3134 189 3198 uia
220 3151 282 3215 qua
303 3132 342 3197 ad
365 3132 461 3198 illam
481 3132 584 3197 nalem
606 3133 762 3215 perueniri
784 3134 868 3198 carta
891 3133 1009 3198 ratione
1031 3133 1197 3215 pandatur.

113 3250 181 3317 XV.
205 3270 431 3319 cnfflsnnon:
454 3254 669 3319 Temerarinm
690 3256 768 3320 satis
791 3256 840 3319 est
861 3272 954 3335 super
970 3252 1195 3318 consummati·

76 3372 128 3419 one
149 3355 242 3420 huius
266 3357 303 3420 de
326 3374 387 3438 qua
409 3355 569 3439 loquimur
595 3356 750 3423 castitatis
773 3357 806 3423 in
829 3358 920 3421 taum
941 3356 1123 3438 praesertim
1146 3357 1197 3422 uel

77 3460 269 3525 uoluntatum
301 3460 482 3525 diuersitate
512 3458 564 3525 uel
594 3461 710 3525 uirium
742 3462 860 3524 certam
890 3460 1038 3541 temporis
1068 3459 1196 3525 definire

76 3579 257 3641 mensuram,
281 3580 359 3645 quae
382 3582 442 3628 non
466 3564 557 3629 facile
580 3565 677 3630 etiam
699 3563 732 3627 in
755 3563 826 3628 istis
844 3562 1061 3627 materialibus
1076 3562 1196 3627 artibus

48 3676 109 3727 nac
129 3664 307 3729 risibilibns
330 3665 503 3749 disciplinis
519 3667 637 3732 decerni
654 3671 766 3749 potest.
802 3669 973 3731 secundum
988 3664 1196 3731 intentionem

171 3817 251 3871 3Ps.
272 3818 330 3883 138,
351 3818 384 3871 14

123 3954 202 4007 dtus
219 3938 270 4009 dis
288 3956 314 4008 et
331 3956 357 4006 Ψ
382 3958 430 4009 tua
448 3941 480 4009 ds
497 3958 525 4009 et
542 3957 568 4010 Ο
659 3958 799 4025 cognoscet
817 3957 845 4008 Σ
875 3954 995 4009 nobitO
1090 3954 1195 4008 tacco

77 4036 191 4093 dentium
210 4042 245 4096 l':
275 4040 455 4097 accidentium
473 4044 597 4097 ΣΠΟυι
616 4045 652 4111 cf.
671 4044 697 4110 I,
716 4048 741 4107 5,
760 4048 778 4097 4
874 4044 891 4097 9
910 4046 976 4113 aput
993 4042 1047 4095 ΣΟ
1142 4044 1196 4097 ale·

77 4124 210 4179 raudraam
228 4125 265 4177 Πι
364 4129 395 4181 11
414 4133 554 4196 urgeretur
572 4129 670 4182 nmo*
769 4129 801 4183 12
819 4129 912 4198 inquid
931 4128 957 4181 Ο
1045 4132 1076 4182 ut
1095 4127 1137 4183 hia
1155 4129 1196 4182 iu·
1237 4127 1241 4137 “

77 4208 134 4275 quit
150 4211 174 4260 Τ
257 4214 290 4267 13
308 4228 338 4265 ac
356 4228 405 4267 oon.
424 4215 454 4264 H
539 4214 727 4268 coninudarO
814 4214 1001 4271 lbummir.Y
1087 4214 1116 4268 17
1136 4231 1196 4270 con·

78 4294 161 4349 tundit
178 4298 230 4351 ΣΟ
314 4316 429 4355 errorem
447 4303 483 4354 Τ*
569 4302 755 4357 reanimatur
773 4303 811 4355 Πι
897 4303 932 4357 25
949 4303 1082 4372 pandatur
1099 4304 1128 4355 Σ

81 4380 288 4438 austremonii
389 4386 423 4439 28
442 4388 614 4456 uoluptatum
631 4390 661 4439 Π
