3009 5200
507 450 668 505 conlatio
691 449 786 516 XIIII,
804 450 829 505 9.
1165 454 1229 521 409

106 636 237 705 minime
266 640 480 721 consequetur.
516 639 584 704 esto
613 656 686 723 ergo
707 658 767 722 per
788 641 893 706 omnia
918 641 1025 708 uitus
1048 643 1095 707 ad
1117 643 1230 709 audi·

107 743 260 821 endum,
290 745 432 810 tardus
453 745 585 807 autom
606 743 653 809 ad
680 742 937 826 loquendum,
967 764 1006 811 ne
1028 746 1121 811 sedat
1142 746 1175 812 in
1198 750 1230 813 te

106 843 654 927 illudquodnotaturoSalomono:
676 846 715 911 ai
735 846 886 912 uideris
907 848 1035 913 uirum
1057 848 1229 915 uelooem

106 949 145 1013 in
168 948 323 1032 uerbis,
352 946 456 1014 soito
481 948 572 1031 quia
593 967 699 1033 spem
720 948 862 1016 habui-t
883 949 1082 1031 insipiens
1105 954 1229 1038 magis

87 1066 230 1134 squam
258 1050 354 1131 illo,
384 1069 441 1117 neo
470 1068 657 1134 quemquam
686 1052 789 1119 uerbis
815 1053 924 1119 dooere
945 1070 1125 1135 praesumas
1148 1058 1227 1138 quod

104 1172 196 1237 opere
217 1157 292 1221 anto
312 1171 373 1221 non
395 1155 516 1221 ieoeria
551 1154 635 1221 huno
656 1155 739 1221 enim
762 1172 818 1221 nos
839 1157 976 1221 ordinem
998 1158 1105 1223 tenere
1119 1154 1260 1223 ramses

104 1258 204 1323 mam
227 1257 374 1340 exemplis
395 1259 459 1323 suia
481 1256 626 1323 dominus
649 1260 753 1324 nostor
774 1257 924 1341 instiiuit,
947 1258 985 1324 de
999 1277 1060 1342 quo
1081 1258 1127 1325 ita
1150 1260 1230 1327 dioi-

105 1364 175 1425 tur:
206 1378 301 1443 quae
328 1362 460 1443 ooepit
481 1359 595 1426 Issus
625 1360 760 1425 fauere
782 1365 821 1426 et
847 1362 995 1427 dooere.
1033 1380 1108 1428 oaue
1128 1362 1230 1447 igitur

104 1482 144 1527 ne
178 1468 251 1529 ante
280 1467 387 1529 aetum
416 1463 579 1547 prosiliens
608 1463 648 1530 ad
673 1462 844 1530 dooenium
879 1466 913 1529 iu
945 1465 1073 1533 illorum
1100 1484 1229 1532 numero

73 1566 276 1649 rodeputeris,
313 1566 352 1633 de
387 1566 502 1649 quibua
537 1566 570 1632 in
607 1565 770 1650 euangelio
806 1568 949 1633 dominns
986 1567 1025 1634 od
1061 1567 1229 1651 ‹lisoipulos

104 1668 263 1751 loquitur:
285 1686 383 1752 quae
406 1669 544 1735 ‹iiount
566 1669 677 1735 uobis
699 1673 856 1735 seruate
873 1673 910 1735 et
931 1670 1071 1750 latito,
1095 1689 1228 1737 seeun-

106 1773 196 1838 dum
220 1789 338 1855 opera
358 1790 451 1838 nero
473 1789 606 1837 eorum
627 1770 756 1837 nolite
785 1770 931 1837 faeere:
963 1774 1103 1839 dieunt
1126 1774 1227 1839 enim

104 1877 145 1939 et
180 1892 253 1939 non
290 1872 456 1940 iaoiunt.
500 1875 676 1959 alligant
706 1876 837 1940 autem
870 1893 986 1940 onera
1017 1878 1156 1958 grauia
1189 1878 1229 1942 et

105 1978 376 2062 inportabilia
392 1980 431 2043 et
448 1980 639 2060 inponunt
654 1996 697 2043 oa
713 1996 828 2061 super
845 1996 997 2044 umeros
1016 1978 1228 2055 hominnm,

72 2081 185 2163 „ipsi
208 2085 339 2147 autom
361 2082 490 2166 digito
511 2100 578 2147 suo
598 2083 743 2148 nolunt
765 2098 807 2147 aa
828 2099 989 2146 mouere.
1019 2082 1047 2146 si
1070 2082 1152 2147 enim
1173 2082 1228 2147 ille

106 2185 176 2266 qui
209 2203 329 2249 unum
360 2186 585 2250 mandatum
615 2184 822 2250 minimum
851 2182 1017 2249 soluens
1047 2182 1229 2249 ioouerit

106 2288 164 2353 aio
180 2288 374 2369 homines,
396 2287 582 2352 minimus
599 2287 809 2354 nooabitnr
828 2287 866 2351 in
884 2303 1003 2368 regno
1020 2286 1227 2369 saelorum,

106 2389 164 2471 qni
177 2389 281 2455 multa
294 2390 326 2453 et
340 2388 460 2453 maiora
474 2389 642 2473 neglegens
658 2388 765 2453 dooere
784 2388 1026 2472 praesumpserit
1041 2406 1228 2471 oonsequens

107 2492 247 2576 profesto
270 2497 317 2557 ost
338 2495 376 2557 ut
398 2508 462 2557 non
483 2490 546 2556 iam
569 2491 718 2557 minimus
746 2493 780 2557 in
802 2508 897 2575 regno
921 2490 1088 2574 oaslorum,
1119 2491 1173 2556 sed
1196 2492 1228 2557 in

70 2594 268 2680 „gehennae
289 2594 441 2678 supplioio
463 2595 617 2660 maximus
640 2594 799 2662 habeatur.
828 2595 863 2660 et
884 2593 952 2660 ideo
974 2593 1146 2661 oauendum
1169 2593 1258 2663 tisis

108 2705 157 2764 eet
179 2717 219 2764 ne
248 2697 376 2764 illorum
397 2698 438 2762 ad
458 2701 630 2764 dooenlum
658 2697 798 2763 laeteris
821 2697 980 2779 exemplis,
1008 2699 1061 2780 qui
1084 2697 1229 2781 peritiam

107 2801 290 2885 disputandi
311 2819 347 2867 ao
368 2803 519 2866 sermonis
539 2801 722 2866 afluentiam
743 2800 910 2883 mussanti,
940 2800 1013 2883 qnia
1041 2801 1172 2882 possunt
1193 2819 1230 2865 ea

107 2924 188 2989 quae
202 2905 360 2971 noluerint
374 2908 483 2972 ornato
498 2905 678 2987 oopiossque
692 2904 854 2982 disserere,
877 2902 1039 2969 solentiam
1055 2901 1229 2985 spiritalem

107 3007 266 3089 possidere
287 3008 456 3074 orednmm
478 3006 518 3074 ab
542 3008 592 3073 liis
613 3008 668 3089 qui
689 3008 756 3073 uim
778 3008 844 3073 eius
865 3008 898 3073 et
913 3005 1097 3089 qualitatem
1113 3005 1231 3072 disser-

68 3128 184 3186 „nere
219 3128 283 3176 non
317 3110 482 3176 nonerunt.
520 3109 606 3176 alini
637 3128 771 3192 namque
805 3112 853 3175 ost
885 3108 1072 3174 laoilitatsm
1105 3111 1166 3174 oris
1199 3113 1232 3173 ot

108 3213 245 3280 nitorem
272 3212 387 3278 habere
413 3212 564 3278 sermonis
593 3213 627 3278 et
655 3212 743 3278 aliud
772 3227 869 3278 uanas
892 3228 929 3277 ao
950 3210 1105 3278 medullas
1128 3209 1229 3276 eaela-

107 3316 207 3382 stium
228 3315 346 3382 intrare
367 3316 522 3382 diotorum
544 3335 580 3380 ao
601 3315 755 3399 profunda
776 3315 808 3379 et
830 3314 1012 3380 absoondita
1037 3313 1230 3378 monomenta

108 3419 278 3502 purissimo
306 3417 408 3484 oordis
434 3419 521 3484 ooulo
544 3417 759 3499 contemplari,
790 3417 872 3499 quod
894 3417 1074 3482 nullatenus
1096 3415 1245 3478 hnmana·

213 3645 413 3711 112a1‚1o
515 3643 870 3712 armassemus)
974 3642 1161 3706 anesus

110 3735 143 3787 11
160 3732 211 3788 use.
229 3732 359 3799 aas-4
461 3729 657 3796 1snas,1o

162 3947 371 4015 loonsequatur
387 3946 428 3997 11¹
526 3944 696 3998 iiaslamons
713 3944 742 3994 Σ
760 3945 827 4010 (seon
844 3943 883 4006 Π)
984 3941 1102 3996 thobel
1119 3943 1163 3994 ‘Po

105 4033 125 4086 6
142 4030 232 4084 iioeria
248 4031 279 4082 Π
371 4029 464 4084 debere
479 4043 532 4083 osa.
548 4031 575 4082 ‘l'
666 4029 682 4082 I
700 4029 761 4097 qno]
780 4043 834 4097 qus
850 4028 880 4079 Π
973 4027 989 4080 9
1007 4029 1115 4080 aotuum
1135 4026 1163 4076 Σ

107 4117 140 4171 in
157 4131 209 4172 ess.
227 4115 258 4167 II
351 4115 385 4170 10
400 4115 546 4184 ffisoipnloa
563 4131 625 4169 suos
642 4115 684 4169 To
780 4116 813 4169 14
831 4113 955 4168 humeros
973 4112 1027 4164 ΤΟ
1121 4113 1154 4166 18
1172 4127 1231 4165 nso-

107 4202 202 4272 legene
227 4203 256 4253 Σ
364 4202 554 4271 praesumserit
574 4199 656 4268 Σ(Ο)
768 4199 804 4254 20
827 4198 966 4268 suppliciis
988 4200 1014 4250 Y
1113 4201 1155 4250 eet
1178 4195 1231 4250 tibi

108 4291 137 4340 Ῥ
230 4289 265 4342 22
282 4287 447 4344 affluentiam
465 4291 492 4341 l*
580 4288 686 4357 possint
703 4287 732 4338 Σ
829 4287 864 4341 24
881 4287 908 4340 et
925 4283 1095 4355 quelitatem]
1114 4283 1231 4352 aequali-

108 4379 194 4430 tatem
213 4376 241 4426 Σ
343 4375 376 4428 2Ί
394 4375 601 4429 intrudiotorum
618 4374 646 4424 Π
