3009 5200
292 440 357 504 458
684 438 848 492 Iohannis
867 436 1024 493 Cassiani

338 628 458 694 XXIII.
482 629 648 694 Sclendum
670 648 745 693 eune
766 630 951 712 generaliter
973 628 1064 693 illum
1087 630 1191 710 partes
1212 646 1303 712 agere
1327 630 1415 694 lorti·

294 750 363 797 ores
385 733 439 813 qui
461 732 617 796 uoluntati
639 732 746 797 Irutrie
772 750 860 797 suam
882 732 1000 798 subicit
1013 733 1220 807 uoluntatem,
1237 750 1328 815 quam
1343 750 1414 796 eum

294 837 347 918 qni
373 836 404 899 iu
427 834 629 899 defendendis
650 836 716 898 suis
744 834 981 899 definitionibus
1004 845 1040 899 ac
1061 836 1202 899 tenendis
1227 834 1414 917 pertinacior

293 940 464 1003 inuenitur.
500 937 555 1001 ille
589 938 686 1001 enim'
703 940 882 1001 sustentans
910 956 946 1002 ac
976 939 1112 1002 tolerans
1145 938 1318 1020 proximum
1347 942 1413 1002 sani

293 1060 329 1106 ac
351 1042 458 1117 ualidi,
480 1042 534 1105 hic
547 1041 785 1107 autemintIrmi
800 1045 832 1105 et
845 1040 1074 1123 quodammodo
1090 1042 1280 1125 aegrotantis
1295 1043 1415 1105 obtinet
1434 1064 1446 1105 c

292 1145 405 1219 locum,
435 1164 527 1226 quern
556 1147 602 1209 ita
630 1146 750 1226 palpari
778 1163 899 1209 necesse
929 1148 976 1209 est
1004 1162 1041 1209 ac
1063 1144 1171 1221 foueri,
1200 1148 1237 1207 ut
1258 1144 1414 1208 interdum

293 1248 388 1312 etiam
411 1264 430 1310 a
450 1248 542 1312 rebus
564 1248 742 1312 necesariis
767 1264 820 1330 pro
845 1249 912 1312 eius
943 1247 1048 1329 quiete
1071 1264 1108 1311 ac
1130 1264 1205 1329 pace
1226 1244 1351 1311 salubre
1373 1250 1415 1312 sit

292 1350 411 1432 ailquid
442 1350 581 1415 relaxari.
620 1352 652 1413 iu
682 1368 742 1431 quo
769 1350 894 1431 quidem
925 1368 984 1413 uon
1016 1368 1047 1413 so
1077 1350 1181 1414 oredat
1203 1350 1273 1430 quis
1296 1350 1413 1432 aliquid

292 1453 331 1516 de
359 1472 415 1518 sua
443 1454 629 1537 perfectIone
659 1455 817 1535 minuisse,
848 1454 975 1517 tametsi
1009 1455 1156 1536 quiddam
1190 1452 1229 1517 de
1256 1455 1415 1536 proposita

291 1557 487 1622 dIstrictione
507 1556 780 1621 condescendendo
802 1556 993 1631 submiserit,
1021 1557 1075 1621 sed
1099 1576 1116 1619 e
1138 1556 1292 1621 contrario
1314 1558 1445 1622 multon

292 1661 428 1741 amplius
450 1680 485 1723 se
506 1676 562 1742 pro
589 1661 840 1741 longanimitatis
862 1664 893 1723 et
917 1660 1085 1742 patientiae
1110 1660 1190 1725 bono
1213 1663 1335 1725 uouerIt
1358 1662 1414 1726 ad·

290 1764 433 1846 quisisse.
486 1763 690 1845 apostolicum
735 1782 867 1843 namque
906 1766 1107 1844 praeseptum
1144 1764 1206 1827 est:
1243 1782 1311 1827 nos
1349 1764 1414 1846 qui

290 1866 417 1930 Iertes
446 1868 559 1943 estis,
590 1865 892 1930 inbecillitates
922 1865 1174 1930 infirmorum
1197 1866 1414 1949 sustinete,

291 1972 339 2033 et:
367 1972 608 2034 alterutrum
637 1988 757 2033 onera
786 1974 921 2033 uestra
948 1970 1125 2050 portate,
1160 1971 1198 2034 et
1224 1971 1282 2034 sic
1308 1970 1416 2034 adin·

290 2072 458 2155 plebitis
481 2073 604 2156 legem
621 2071 785 2137 Christi.
818 2090 988 2154 numquam
1005 2074 1087 2137 euim
1101 2072 1244 2137 infirmus
1259 2074 1447 2137 sustentatu

289 2178 449 2243 infirmum
478 2196 534 2240 neo
561 2177 696 2241 tolerare
721 2178 838 2258 poterit
866 2182 921 2239 aut
948 2194 1054 2240 curare
1081 2176 1283 2259 languentem
1312 2176 1415 2257 isqui

260 2261 438 2344 'similiter
470 2282 621 2362 aegrotat,
656 2281 710 2343 sed
743 2280 799 2343 ille
831 2279 1001 2343 medellam
1033 2278 1149 2343 tribuit
1181 2279 1326 2344 inbeciIlo
1361 2279 1415 2362 qui

289 2384 490 2449 inbecillitati
518 2384 586 2463 ipse
614 2400 674 2446 non
703 2382 853 2446 subiacet.
892 2383 1002 2446 merito
1028 2382 1112 2446 enim
1135 2381 1163 2447 ei
1187 2382 1317 2447 dicitur:
1341 2401 1414 2446 me·

288 2485 392 2563 dice,
415 2502 507 2550 cura
528 2490 565 2548 te
588 2484 724 2565 ipsum.

332 2604 469 2672 XXIIII.
503 2605 682 2672 Notandum
716 2606 813 2669 etiam
849 2606 927 2672 illud
961 2609 1008 2668 est
1038 2603 1235 2669 infirmorum
1268 2609 1448 2672 naturamn

289 2731 354 2775 esse
377 2729 498 2792 semper
519 2708 708 2785 huiusmodi,
731 2711 769 2773 ut
790 2709 926 2791 prompti
954 2709 1079 2790 quidem
1104 2727 1140 2772 ac
1163 2707 1270 2772 faciles
1293 2708 1359 2774 siut
1375 2709 1415 2773 ad

289 2815 494 2880 contumelias
528 2815 711 2892 ingerendas
745 2816 777 2876 et
810 2811 912 2893 iurqu
946 2813 1143 2892 conserenda,
1178 2811 1238 2893 ipsi
1271 2829 1345 2876 uero
1375 2831 1413 2876 ne

289 2918 423 2981 minima
450 2918 574 2998 quidem
603 2917 735 2980 iniuriae
762 2915 863 2979 uelint
892 2913 1068 2996 suspicione
1096 2913 1244 2996 contingi,
1283 2931 1414 2996 eumque

289 3021 463 3085 inferentes
485 3021 634 3102 proterua
656 3018 798 3083 conuicIa
820 3019 1050 3082 iuconsiderata
1072 3015 1305 3098 superequitent
1320 3017 1414 3082 libor·

290 3127 366 3199 tate,
400 3143 439 3188 ue
471 3141 568 3204 parua
602 3120 726 3206 quidem
765 3129 857 3203 atque
895 3121 1054 3186 leuissima
1088 3119 1240 3186 sustinere
1274 3121 1446 3187 contentia

289 3229 374 3290 sunt.
425 3226 555 3307 ideoque
593 3225 765 3291 secundum
802 3225 995 3306 praedictam
1032 3225 1187 3289 seniorum
1225 3223 1412 3288 sententiam

288 3330 403 3395 caritas
437 3327 561 3393 stabilis
590 3331 683 3410 atque
717 3329 894 3410 indisrupta
921 3346 982 3392 uon
1010 3327 1125 3410 poterit
1154 3327 1323 3407 perdurare
1353 3326 1413 3390 nisi

391 3557 613 3622 labem.15,1
718 3558 750 3612 14
769 3557 828 3613 Gal.
847 3557 908 3625 6,2
1013 3557 1045 3610 18
1063 3556 1126 3610 Luc.
1143 3555 1168 3620 4,
1185 3555 1220 3610 23

337 3771 540 3839 dpertinatior
562 3771 592 3822 II
692 3771 904 3838 daeg-rotantes
925 3771 965 3822 ΠΙ
1068 3771 1175 3838 optinet
1198 3771 1256 3821 ΣΤ
1359 3769 1412 3822 'la

286 3873 337 3911 om.
355 3857 381 3909 0
484 3857 517 3910 10
540 3855 712 3910 destrictione
730 3857 788 3910 ΣΟ
890 3856 1057 3909 summiserit
1074 3855 1134 3909 ΠΟ
1238 3857 1269 3908 11
1287 3855 1411 3922 longani-

286 3943 395 3996 mitates
413 3941 451 3992 II¹
555 3943 588 3994 le
611 3940 818 3994 inbeccillitatee
837 3941 865 3992 Σ
969 3940 1000 3994 14
1018 3939 1117 3993 honera
1133 3941 1163 3992 Π
1265 3938 1412 4006 implebilis

285 4029 344 4079 lle
445 4028 478 4080 16
494 4027 538 4079 bie
555 4027 615 4080 ΠΟ
718 4027 751 4079 17
769 4026 897 4080 medelam
916 4027 987 4078 ΠΨ
1079 4027 1185 4080 tribuet
1203 4028 1228 4078 Τ
1322 4025 1411 4079 inbec-

287 4111 349 4165 cillo
367 4113 396 4163 Σ
421 4109 541 4164 inbicillo
559 4113 586 4162 Τ
680 4111 714 4164 18
731 4111 917 4165 iubeccillitati
937 4113 965 4163 Σ
991 4111 1178 4165 inbecillitatis
1196 4111 1255 4164 ΠΟ
1281 4109 1411 4165 inbicilli·

286 4200 340 4252 tati
363 4199 388 4249 T
488 4199 584 4252 aiom
609 4199 638 4249 II
739 4198 844 4252 dicetur
867 4199 921 4253 ῬΟ
1023 4199 1054 4252 21
1080 4197 1209 4253 eiusmodi
1232 4198 1344 4253 neon

286 4285 388 4354 promti
406 4285 463 4338 ΣΟ
492 4285 610 4353 prompti
628 4287 662 4337 P'
765 4287 799 4338 22
822 4286 992 4340 contumIIIas
1014 4286 1044 4337 Π
1144 4283 1297 4338 Inserendae
1320 4286 1346 4335 Τ

286 4369 446 4424 conseranda
463 4369 502 4422 Πι
605 4371 640 4423 23
659 4370 802 4440 suspicioni
821 4371 859 4422 ΠΙ
963 4371 997 4426 15
1014 4387 1061 4423 nec
1079 4371 1104 4423 0
