3009 5200
464 402 622 459 Conlatio
644 402 736 470 vnn,
756 404 865 461 12-15.
1162 404 1225 473 263

102 594 238 659 diximus
265 595 383 677 speeies
410 596 555 661 omnibns
588 593 766 661 bominibus
788 592 882 659 utiles
909 610 946 658 ao
966 592 1153 659 neosssan’as
1176 594 1226 659 in-

102 697 214 775 ueniri,
244 703 281 763 nt
303 701 336 763 in
357 716 419 763 nno
440 698 608 780 eodemque
629 697 698 763 niro
718 714 802 762 nnno
822 696 947 779 qnidam
968 697 1227 779 obsecrationum,

102 818 185 865 nuno
206 805 315 866 autem
338 801 523 879 orationum,
547 818 632 866 nuno
658 801 901 885 postulationum
930 818 1024 882 puras
1046 820 1082 867 oo
1104 801 1228 865 fernen·

6 941 7 984 p
103 904 243 969 linimus
266 904 508 987 supplicationes
528 903 670 969 nariatns
685 903 812 969 emittat
828 903 984 987 mutus),
1003 908 1109 969 tamen
1124 903 1228 985 prima

6 999 7 1082 l
82 1006 141 1070 sad
157 1006 345 1090 insipientes
359 1008 485 1073 nidetnr
499 1006 685 1088 peooliarins
700 1010 866 1087 pertinere,
890 1007 944 1089 qni
960 1006 1061 1071 adhue
1075 1008 1227 1071 uitiosum

6 1165 7 1190 ἶ
102 1127 231 1175 suornm
252 1110 368 1175 aculeis
390 1127 427 1174 ao
447 1111 598 1175 memoria
618 1109 843 1191 remordentur,
866 1110 1001 1175 seeundo
1022 1110 1063 1175 ad
1086 1110 1157 1175 illos
1173 1108 1226 1191 qni

6 1263 8 1330 γ
101 1213 133 1277 in
154 1213 300 1294 profeotn
320 1214 384 1278 iam
407 1213 544 1295 spiritali
564 1214 766 1296 adpetitaque
788 1214 942 1279 nntntnm
964 1214 1098 1296 quadam
1113 1212 1226 1279 mentis

6 1345 7 1352 ι
102 1316 299 1382 sublimitate
318 1318 506 1395 oonsietnnt,
529 1317 624 1381 tertie
646 1315 685 1381 ad
707 1334 759 1381 eos
777 1316 830 1399 qni
845 1315 1067 1399 perfeetionem
1081 1319 1227 1383 notorum

102 1435 229 1485 suornm
265 1422 407 1501 oporibus
444 1418 638 1501 adinplentee
681 1419 874 1485 intercedere
910 1436 965 1501 pro
1000 1419 1069 1485 aliie
1106 1435 1227 1501 quoqne

73 1521 349 1590 ueonsidoratione
380 1523 563 1605 fragilitatis
596 1540 704 1588 eornm
736 1522 770 1587 et
802 1522 944 1588 raritatis
978 1522 1082 1587 studio
1114 1538 1225 1603 prono·

103 1627 224 1701 eantur,
245 1630 358 1708 quarta
380 1626 420 1691 ad
441 1626 514 1695 illos
537 1624 590 1709 qui
612 1626 676 1690 ianr
701 1625 827 1709 poenali
849 1624 1054 1691 mneoientiae
1077 1626 1165 1706 spina
1186 1624 1224 1689 de

103 1729 246 1795 sordibus
273 1730 364 1795 uulsa
389 1729 490 1795 seonri
517 1730 583 1795 iam
610 1729 840 1795 munilioentias
865 1728 983 1795 domini
1005 1746 1042 1795 eo
1063 1726 1220 1793 miserati-

6 1903 7 1912 χ
103 1850 183 1909 ones,
212 1852 291 1916 qnae
323 1834 375 1899 uel
396 1836 428 1899 in
450 1836 618 1917 praeterito
645 1833 759 1899 tribuit
788 1834 838 1899 nel
860 1832 1073 1914 inpraesenti
1095 1830 1227 1911 largitur

6 1925 7 1940 ἢ
102 1934 153 1999 rel
174 1939 339 2018 praeparat
361 1938 394 2001 iu
417 1936 534 2019 futoro,
556 1941 662 2002 mente
682 1936 850 2019 purissima
864 1937 1069 2001 retraetantee
1083 1936 1122 1999 ad
1136 1933 1227 1999 illam

75 2038 237 2121 oigmtum
266 2042 300 2105 et
327 2057 404 2121 quae
431 2058 483 2105 ore
510 2039 673 2105 hominnm
701 2057 759 2104 noo
787 2037 995 2122 oonprebendi
1018 2054 1075 2103 neo
1097 2036 1227 2119 exprimi

103 2142 208 2222 potest
230 2142 401 2207 orationem
425 2141 657 2206 feruentissimo
680 2142 771 2207 eorde
786 2142 959 2224 raptantur.
994 2138 1257 2219 nonnumquamd

104 2246 210 2307 tamen
232 2262 331 2321 mens,
354 2262 433 2327 qnae
455 2246 489 2309 in
509 2246 601 2309 illum
623 2263 733 2311 nerum
756 2244 903 2328 puritatis
925 2242 1048 2327 profioit
1070 2242 1226 2307 adiectum

105 2348 197 2429 atque
229 2348 264 2411 in
296 2365 331 2411 eo
358 2349 422 2413 iarn
450 2348 586 2431 eoeperit
613 2349 755 2425 radicari,
784 2349 863 2415 solet
893 2348 969 2415 baeo
997 2346 1103 2413 omnia
1134 2344 1227 2410 simul

104 2449 280 2531 pariterque
301 2450 476 2533 ooneipiens
497 2451 591 2533 atque
607 2451 641 2515 in
655 2454 783 2519 modom
799 2453 958 2519 oninedam
973 2450 1227 2532 ineonprehensi-

6 2616 7 2659 ἢ
78 2551 174 2617 ubilis
205 2572 242 2618 ae
270 2552 487 2640 repetierimus
516 2553 661 2622 flammae
689 2558 802 2622 ennete
833 2555 1023 2638 pemolitans
1057 2550 1227 2618 ineffabiles

6 2674 7 2749 l
106 2655 258 2720 addeum
279 2674 387 2740 preses
409 2658 570 2740 purissimi
591 2659 710 2742 uigoris
732 2660 899 2740 effundere,
922 2677 1000 2744 quus
1016 2661 1081 2740 ipse
1097 2657 1228 2742 spiritns¹

6 2760 7 2793 ³
106 2757 309 2841 interpellans
351 2760 523 2844 gemitibus
572 2761 832 2828 inenarrabilibus
880 2761 1095 2846 ignorantibus
1139 2757 1227 2825 nobie

107 2860 225 2925 emittit
260 2862 299 2926 ad
335 2864 439 2945 doum,
475 2864 566 2928 tanta
601 2863 724 2930 scilieet
756 2863 791 2928 in
824 2863 913 2930 illins
946 2866 1038 2928 horae
1071 2861 1227 2927 momento

108 2964 281 3046 eoneipiens
304 2968 336 3030 et
358 2965 561 3031 ineffabiliter
582 2965 616 3030 in
639 2965 865 3050 snpplioatione
887 2966 1087 3052 profundens,
1111 2964 1228 3048 quanta

79 3084 163 3132 eron
192 3069 295 3132 dinem
322 3087 375 3133 ore
400 3086 589 3150 percurrere,
617 3072 671 3136 sed
698 3089 737 3133 ne
760 3069 828 3152 ipsa
849 3071 974 3152 quidem
995 3073 1100 3136 mente
1124 3066 1228 3132 ualeat

109 3169 166 3234 alio
189 3173 328 3254 tempore
351 3170 514 3236 reeordari.
552 3179 585 3238 et
607 3171 682 3236 inde
704 3173 763 3251 est,
786 3172 868 3258 quod
882 3175 914 3238 in
930 3172 1068 3255 qnalibet
1082 3168 1257 3236 mensura3

110 3274 174 3354 quis
196 3274 318 3356 positos
340 3293 576 3358 nonnumquam
597 3293 692 3358 puras
719 3275 918 3359 intentasque
939 3292 1045 3359 preoee
1068 3272 1228 3352 inuenitur

111 3379 257 3452 omittere,
280 3379 355 3459 qnia
376 3383 408 3443 et
430 3380 468 3443 de
490 3379 546 3444 illo
567 3380 668 3462 primo
690 3381 723 3444 et
737 3379 849 3444 humili
865 3378 981 3452 ordine,
1006 3378 1058 3461 qui
1074 3379 1228 3458 estsuper

111 3480 318 3546 reeordatione
341 3481 439 3547 fntnri
461 3481 580 3562 indicii,
604 3483 632 3546 is
655 3483 708 3564 qui
730 3482 832 3549 adhue
853 3483 910 3546 snb
925 3482 1051 3546 terroris
1068 3482 1115 3542 est
1130 3494 1228 3560 poena

158 3734 171 3786 1
190 3733 311 3788 inuenire
327 3733 368 3787 D'
466 3735 542 3788 aits
559 3738 591 3788 nt
612 3735 649 3791 W
750 3735 883 3803 3postol.
906 3735 930 3790 V
1031 3734 1094 3787 ‘lin
1112 3731 1227 3801 quadam

109 3815 177 3873 DV
259 3817 454 3874 iinteroidere
474 3819 510 3874 V¹
601 3821 635 3876 12
650 3821 744 3875 onuba
764 3821 904 3878 WOPXo
993 3820 1048 3874 ianr
1065 3818 1160 3874 oeno

110 3904 320 3973 magnificentias
344 3905 375 3960 D
483 3906 516 3961 16
540 3905 647 3962 durent.
669 3907 695 3961 V
719 3907 923 3962 feruentomimo
945 3906 986 3961 D¹
1089 3905 1228 3974 raptentur

115 3988 150 4044 lV
231 3990 263 4044 17
282 3989 397 4058 proiecit
412 3991 454 4045 D¹
547 3994 580 4047 18
597 3992 682 4060 adque
704 3993 781 4047 VOP
863 3993 980 4048 radicare
996 3993 1027 4048 D
1119 3991 1152 4044 19
1169 4003 1228 4044 oon

111 4075 210 4143 rapiens
225 4075 253 4128 V
275 4077 473 4145 eoncupiensO
560 4077 645 4146 adque
660 4079 712 4132 VP
801 4079 949 4134 immodum
965 4079 1012 4135 W¹
1107 4075 1227 4132 adfluu-

111 4174 163 4214 mae
179 4177 231 4216 oar.
248 4161 279 4215 D
364 4163 400 4216 23
417 4163 519 4217 soileoit
540 4163 568 4218 V
648 4165 683 4218 24
700 4164 854 4232 oonoepiens
875 4165 909 4220 V¹
994 4165 1028 4219 25
1046 4165 1102 4234 ipse
1122 4163 1160 4219 W

112 4243 142 4299 26
157 4249 278 4316 tempure
300 4248 326 4303 V
423 4248 458 4302 27
475 4251 581 4317 pruritus
603 4250 630 4305 V
728 4249 763 4303 29
780 4249 822 4304 his
839 4249 977 4306 D²WOP
1071 4249 1228 4304 subterioris

112 4329 138 4383 D
238 4336 281 4386 est
296 4349 350 4387 om.
367 4333 423 4388 PX
