3009 5200
289 431 354 500 326
683 427 851 485 Iohannis
868 429 1025 485 cassiani

289 622 403 707 gauit
432 637 471 687 se
501 637 585 686 osso
614 618 753 686 tilium
783 617 899 686 tiliae
923 618 1161 699 Pharaonis,
1190 619 1317 704 magis
1348 620 1424 686 eli·

292 739 386 810 gons
430 721 577 808 adfligi
614 739 698 788 cum
741 721 883 806 populo
920 719 981 786 dei
1025 738 1138 804 quam
1182 721 1424 806 temporalis

290 825 447 911 peccati
482 825 627 892 habers
670 823 988 906 iucunditatem,
1031 825 1201 892 maiores
1243 825 1424 892 diuitias

292 929 519 996 aestimans
562 928 768 995 thesauris
812 928 1108 1014 Aegyptiorum
1148 929 1424 1014 inproperium

290 1029 458 1099 Christis
482 1031 707 1116 aspiciebat
735 1032 837 1098 onim
866 1031 905 1097 in
935 1033 1302 1100 remunerationem.
1341 1050 1455 1115 quo-e

289 1135 382 1201 modo
419 1153 492 1220 ergo
528 1135 700 1220 inperfecta
732 1153 799 1202 esse
831 1135 986 1202 credenda
1018 1137 1103 1217 sunt,
1137 1153 1209 1202 cum
1242 1137 1275 1202 et
1306 1136 1424 1202 beatus

290 1237 394 1304 Dauid
423 1237 640 1305 retributlonis
669 1238 801 1306 obtentu
830 1238 1069 1306 iustificationes
1099 1241 1218 1306 domini
1246 1257 1280 1305 se
1309 1239 1425 1306 iedsse

290 1339 452 1426 glorietur,
484 1343 516 1408 et
545 1342 707 1427 legislator
736 1344 877 1426 praemia
909 1341 1016 1408 futura
1043 1341 1237 1428 prospiciens
1264 1344 1426 1427 spreuisse

290 1445 490 1528 adoptionem
537 1446 640 1528 regiae
684 1445 849 1529 dignitatis
891 1448 924 1511 et
967 1445 1180 1513 addictionem
1222 1445 1425 1514 ddssimam

290 1547 447 1614 thesauris
469 1548 696 1634 Aegyptiorum
717 1547 904 1631 praetulisse
925 1549 1071 1615 dicatur?
1435 1571 1462 1610 ιο

333 1685 408 1753 XIL
430 1701 657 1754 cufflnnuouu
688 1687 748 1754 Pro
778 1689 866 1753 statu
892 1691 987 1771 atque
1009 1706 1156 1754 mensura
1176 1685 1425 1771 uniuscuiusque

291 1789 408 1854 mentis
445 1791 600 1874 scriptura
637 1790 745 1856 diuina
781 1791 821 1856 ad
860 1791 997 1858 diuersos
1039 1791 1266 1876 perfectionum
1303 1792 1426 1876 grsdns

293 1892 418 1959 arbitrii
447 1894 548 1959 nostri
579 1899 727 1976 prouocat
760 1893 953 1961 libertatem.
990 1913 1047 1960 nec
1075 1896 1160 1961 enim
1193 1895 1316 1979 poteret
1345 1893 1448 1959 nni·-

293 1994 402 2061 formis
425 1997 568 2064 omuibus
590 1997 791 2083 perfeetionis
814 2015 928 2064 corona
949 1998 1086 2082 proponi,
1109 1998 1182 2081 quia
1205 2015 1262 2063 nec
1277 1999 1426 2063 omnium

291 2115 355 2164 una
382 2098 484 2166 uirtus
514 2101 571 2167 aut
599 2101 748 2167 uoluntas
764 2100 820 2167 aut
849 2100 954 2166 femor
982 2102 1041 2182 cst,
1071 2103 1103 2166 et
1132 2100 1249 2166 idcirco
1278 2099 1461 2183 ipsarumu

293 2203 517 2284 quodammodo
539 2204 765 2288 perfectionum
797 2202 934 2269 diuerms
963 2201 1085 2268 ordines
1110 2203 1310 2286 diuersasque
1333 2223 1426 2268 men·

261 2310 382 2377 2suras
411 2324 512 2372 sermo
540 2308 665 2374 diuinus
696 2306 847 2373 instituit.
885 2305 968 2389 quod
997 2307 1045 2372 ita
1072 2324 1139 2372 esse
1168 2305 1426 2389 euangelicarnm

293 2424 414 2491 quoque
444 2405 681 2475 beatitudinum
710 2409 847 2475 uarietas
875 2410 1036 2475 euidenter
1060 2409 1203 2476 ostendit
1241 2409 1314 2474 licet
1337 2411 1426 2475 enim

291 2512 377 2578 beati
411 2511 553 2578 dicantur
585 2527 716 2596 quorum
753 2516 827 2578 sunt
858 2531 957 2597 regna
990 2513 1158 2591 caelorum,
1189 2516 1222 2577 et
1251 2511 1335 2578 beati
1368 2514 1426 2596 qni

290 2614 493 2701 possidebunt
520 2616 645 2696 terrem,
675 2619 707 2681 et
734 2616 821 2681 beati
850 2616 904 2699 qui
929 2617 1177 2682 consolationem
1201 2616 1367 2700 recipient,
1392 2620 1463 2683 eta

291 2719 376 2786 beati
399 2720 453 2803 qui
474 2720 639 2786 saturitate
662 2720 829 2803 potientur,
856 2721 961 2785 tamen
984 2718 1121 2784 multum
1144 2718 1300 2784 credimus
1323 2720 1427 2786 inter-

292 2840 359 2888 esse
380 2822 463 2888 inter
484 2822 714 2890 habitationem
735 2822 824 2907 regui
852 2823 1009 2888 caelorum
1030 2823 1063 2888 et
1084 2823 1313 2905 possessionem
1335 2822 1427 2887 illius

293 2940 506 3010 quaecumque
529 2928 577 2994 est
599 2928 712 3004 terrae,
736 2927 770 2992 et
790 2928 873 2993 inter
894 2928 1121 3010 perceptionem
1144 2924 1369 2991 consolationis
1393 2929 1427 2991 ct

292 3027 523 3112 plenitudinem
566 3030 825 3113 saturitatemque
868 3028 1018 3109 iustitiae,
1067 3028 1265 3113 multumque
1306 3026 1427 3093 <lutare

293 3132 377 3197 inter
402 3130 475 3198 illos
504 3134 558 3217 qui
580 3134 826 3201 misericordiam
857 3132 1083 3215 consequentur
1104 3136 1135 3199 et
1157 3131 1228 3198 illos
1250 3131 1304 3214 qui
1325 3130 1462 3215 glori-ac

262 3234 437 3309 sosissima
458 3236 576 3303 uisione
599 3234 649 3303 dei
675 3236 796 3321 perfrui
825 3235 1039 3302 merebuntur.
1077 3236 1160 3301 alia
1181 3235 1263 3301 enim
1290 3232 1428 3318 gloria

294 3338 407 3423 solis,
444 3339 484 3405 et
520 3338 601 3407 alia
636 3340 770 3427 gloria
805 3340 940 3421 lunae,
979 3341 1017 3406 et
1054 3338 1138 3404 alia
1172 3336 1298 3425 gloria
1329 3336 1426 3402 stel-

293 3441 435 3508 larumc
469 3440 593 3511 stella
622 3441 722 3507 enim
756 3442 923 3510 astella
956 3440 1103 3509 diliert
1124 3442 1164 3506 in
1186 3438 1327 3526 gloria
1367 3439 1427 3504 ita

397 3692 430 3747 19
448 3692 482 3751 ci.
499 3691 551 3748 lla.
569 3694 593 3759 5,
612 3694 696 3764 seqq.
799 3693 834 3749 26
851 3692 866 3749 1
883 3692 943 3750 cor.
963 3694 1003 3758 15
1021 3691 1124 3747 41-42

345 3931 496 3987 liaraonis
514 3930 571 3985 ΠΟ
664 3932 749 3988 dioc.
767 3932 832 3984 Π·
890 3930 1081 3987 dsxistimans
1098 3930 1184 3984 H‘PO
1269 3930 1425 3986 thensamm

287 4014 324 4069 lu
424 4018 533 4090 dsunt]
552 4020 593 4072 ost
610 4017 660 4074 Hc
760 4016 893 4073 llxli'
988 4017 1150 4073 ceremonO
1247 4017 1425 4087 mperreeci-

294 4103 353 4157 onir
371 4104 396 4155 Τ
491 4105 524 4159 14
542 4104 671 4174 omnium]
691 4102 815 4159 omnibns
833 4103 885 4157 ΨΟ
982 4104 1016 4159 16
1033 4103 1199 4173 quodamodo
1216 4102 1242 4155 0
1335 4103 1426 4158 dincr-

295 4204 338 4241 sas
363 4188 481 4257 origines
509 4190 534 4241 d'
639 4189 674 4243 20
699 4189 913 4245 consulationem
939 4188 970 4241 Π
1075 4188 1107 4244 21
1135 4188 1306 4243 ssturitatem
1331 4187 1357 4242 Ο

289 4273 329 4327 'it
346 4272 568 4341 gloriosissimam
586 4275 716 4329 ulcionem
735 4273 762 4328 Ο
861 4274 895 4329 27
913 4275 1016 4343 gloriae
1032 4276 1112 4330 lunae
1129 4276 1157 4327 Σ
1185 4274 1248 4329 lunc
1264 4274 1320 4329 alia
1337 4274 1427 4343 gloria

294 4360 321 4411 Y
419 4358 576 4415 28ch0
673 4358 750 4415 stilla
765 4360 806 4411 Π1
909 4360 938 4413 in
957 4360 1116 4429 gloriamd‘
