3009 5200
300 421 341 488 38
687 424 852 480 Iohannis
869 425 1028 480 Cassiani

351 611 441 678 XIII.
463 614 633 697 Responsio
656 613 692 680 de
718 616 898 682 confusione
919 617 1065 684 calcanda
1086 622 1117 683 ct
1139 621 1176 685 de
1197 617 1334 702 portcnlo
1355 637 1418 684 non

464 716 663 783 condolentis.

333 815 439 884 XIIII.
462 820 509 884 De
531 820 692 885 uocatione
714 818 898 885 Samuhelis.

371 919 439 986 XV.
462 919 508 984 Do
529 922 691 987 uocatione
712 921 805 988 Pauli
827 923 970 1005 apostoli.

353 1021 438 1088 XVI.
461 1022 507 1086 De
529 1023 699 1104 adpetenda
721 1023 914 1090 discretione.
1448 1050 1467 1090 ⁵

337 1123 440 1190 XVII.
464 1123 510 1190 De
532 1125 734 1190 inmoderatis
755 1126 878 1192 ieiuniis
901 1127 933 1191 ot
953 1126 1080 1211 uigiliis.

321 1223 438 1291 XVIII.
462 1228 667 1311 interrogatio
696 1231 733 1294 de
761 1229 970 1292 continentiae
991 1229 1042 1294 nel
1063 1229 1239 1297 reiectionis
1261 1247 1419 1295 mensura.

301 1327 436 1412 XVIIII.
462 1328 508 1394 Dc
531 1330 647 1412 optimo
670 1329 734 1396 cibi
756 1331 906 1396 cotidiani
928 1333 1028 1396 modo.

372 1431 438 1496 XX.
462 1430 603 1498 Obiectio
619 1434 656 1498 de
677 1433 833 1498 facilitate
855 1433 1074 1518 continentiae,
1096 1453 1176 1516 qnae
1190 1433 1309 1500 duobus
1322 1451 1421 1516 paxa-

464 1534 570 1600 matiis
592 1536 807 1610 sustineretur.
1431 1565 1464 1606 ιο

354 1635 439 1702 XXI.
463 1637 632 1720 Responsio
652 1637 689 1701 de
704 1638 822 1703 uirtute
837 1640 869 1702 et
883 1656 1029 1703 mensura
1043 1640 1184 1722 expertae
1199 1637 1419 1703 continentiae.

341 1737 443 1803 XXII.
467 1737 601 1818 Quinam
612 1740 767 1824 generalis
779 1740 988 1806 continentiae
1000 1760 1036 1806 ac
1050 1742 1226 1807 reiectionis
1241 1743 1350 1806 modus
1364 1741 1418 1804 sit.

320 1840 438 1906 XXIII.
463 1839 725 1920 Quemadmodum
747 1843 937 1909 abundantia
958 1861 1102 1908 umorum
1116 1843 1303 1927 genitalium
1320 1841 1419 1907 casti-

463 1946 563 2026 getur.

303 2046 438 2114 XXIIII.
464 2047 511 2112 De
533 2048 635 2114 laboro
658 2048 797 2131 aequalis
818 2048 997 2116 reiectionis
1017 2051 1050 2116 ot
1071 2051 1109 2116 de
1132 2049 1239 2116 fratris
1255 2047 1461 2114 Beniaminss

465 2149 625 2217 edacitate.

341 2253 440 2320 XXV.
463 2253 679 2336 interrogatio,
709 2254 861 2336 quomodo
890 2255 990 2336 possit
1019 2273 1082 2320 nna
1106 2273 1229 2338 semper
1251 2253 1420 2334 eademque

465 2373 609 2420 mensura
630 2357 759 2422 seruari.
855 2421 861 2430 ,

328 2457 442 2524 XXVI.
464 2459 632 2541 Responsio
654 2459 693 2524 do
716 2476 778 2524 non
800 2461 969 2524 excedendo
991 2458 1164 2525 refectionis
1186 2460 1286 2523 modo.

759 2684 960 2694 ----—--

345 2890 371 2953 I.
394 2888 565 2969 Degustuto
581 2886 687 2968 itaquo
703 2885 858 2951 matutino
873 2902 981 2967 sopore
996 2902 1067 2950 cum
1082 2886 1185 2949 ortum
1201 2884 1279 2948 lucis
1293 2885 1420 2950 tandem
1430 2906 1460 2946 so

302 2989 391 3056 nobis
413 2990 562 3056 claruisse
583 2990 753 3071 gaudentes
782 2990 1000 3071 repromissam
1025 2988 1237 3053 narrationem
1259 3004 1419 3070 reposcere

303 3094 516 3177 coepissemus,
539 3093 646 3157 beatus
674 3092 798 3174 Moyses
819 3092 866 3156 ita
886 3108 1010 3156 exorsus
1033 3093 1093 3155 est:
1123 3108 1194 3155 cum
1215 3089 1340 3154 uideam
1362 3105 1419 3154 uos

302 3200 390 3261 tanto
412 3194 559 3261 desiderii
580 3194 688 3260 ardore
703 3194 889 3273 flammatos,
904 3196 941 3257 ut
955 3212 993 3257 nc
1009 3193 1113 3275 ipsum
1127 3191 1252 3274 quidem
1267 3191 1420 3274 paruissi·

303 3315 389 3363 mum
411 3296 525 3379 quietis
548 3299 751 3376 momentum,
781 3297 862 3379 quod
884 3295 1019 3377 spiritali
1042 3295 1209 3361 conlationi
1230 3293 1420 3361 subtrahens

354 3618 367 3670 1
387 3615 419 3671 do
436 3622 501 3670 cate
518 3616 634 3686 periculo
651 3632 701 3671 cm.
719 3616 771 3672 Xo
864 3617 883 3670 2
900 3616 1069 3672 condolentes
1087 3614 1119 3669 X
1213 3580 1374 3671 Rssmrfelis
1390 3614 1422 3669 D

303 3700 426 3757 mmnelis
453 3701 484 3756 X
582 3703 599 3756 6
625 3702 765 3757 inmodicis
789 3702 832 3757 1>¹
934 3702 949 3756 V
976 3701 1161 3757 contenentiao
1184 3701 1226 3756 1)ι
1255 3700 1423 3757 contiuenta'a

301 3786 394 3843 D'Xr
494 3787 512 3840 8
534 3786 595 3855 cybi
618 3787 759 3842 cottidiani
781 3787 845 3841 DX
943 3787 961 3841 9
983 3788 1125 3856 paxmatiis
1148 3787 1181 3841 X
1282 3787 1316 3841 10
1337 3788 1421 3841 susti-

303 3874 381 3927 netur
398 3871 461 3925 Xo:
490 3877 521 3926 ct
538 3871 572 3937 cf.
591 3874 631 3927 cic.
648 3888 708 3943 cop.
727 3872 797 3928 XII
883 3874 917 3927 11
934 3889 964 3927 ox
981 3876 1057 3942 pcrto
1073 3873 1103 3927 D
1189 3872 1423 3928 lenocinante

302 3958 334 4012 D
362 3956 560 4012 habundantiac
577 3957 653 4026 X(c)
748 3959 891 4012 humorum
908 3958 940 4012 X
1031 3961 1118 4027 genet
1136 3958 1166 4012 D
1257 3958 1422 4027 castigentur

304 4043 353 4097 Xc
455 4043 487 4096 15
504 4042 673 4111 oquaelimtis
690 4043 720 4097 D
736 4044 770 4098 isc
786 4059 841 4097 ros.
939 4043 1062 4098 iectionis
1078 4043 1120 4097 D¹
1218 4045 1249 4097 17
1267 4044 1355 4113 possit
1371 4058 1422 4098 oas-

303 4146 352 4201 xv
448 4146 480 4199 us
497 4148 615 4199 somnam
634 4146 684 4200 xe
777 4146 891 4200 Finiuni
908 4145 1071 4215 capitular)
1101 4128 1185 4213 miii
1202 4147 1278 4213 (aar)
1295 4145 1420 4215 capitula

303 4246 405 4319 Incipii
422 4247 537 4302 moundc
552 4230 635 4303 olatio
658 4247 690 4302 ds
712 4247 872 4302 discretione
893 4248 1011 4302 eiusdem
1033 4247 1104 4300 sonis
1127 4246 1160 4300 X
1279 4246 1313 4302 22
1339 4262 1422 4300 moses

305 4336 345 4393 W
444 4334 478 4390 23
496 4334 567 4389 tanti
586 4334 634 4389 Xc
736 4334 862 4389 desideri·
883 4333 922 4388 W
1021 4334 1055 4388 ai
1072 4334 1232 4411 copulationis
1254 4334 1293 4390 W
