3009 5200
428 414 589 471 Conlatio
612 414 693 481 XIII,
712 416 822 471 lli-ni.
1123 420 1188 485 393

85 605 237 671 innumeris
259 607 360 671 modis
382 608 415 670 et
435 606 691 672 inscrutabilibus
713 606 773 671 uiis
797 607 889 671 deum
906 607 1039 671 salutem
1056 606 1185 670 humani

84 710 186 792 generis
200 728 364 791 proeurare
378 713 411 775 et
425 710 618 791 quorundam
634 710 759 790 quidem
774 710 945 775 dolentium
962 726 998 773 se
1010 708 1187 773 sitientium

84 829 191 877 ursum
214 814 253 877 ad
276 813 425 877 maiorem
448 812 579 876 inuitare
601 810 809 896 flagrantiam,
833 812 981 895 quosdam
998 831 1072 877 nero
1088 812 1184 877 etiam

82 915 203 978 nolentes
225 915 403 997 inuitosque
426 915 607 996 conpellere,
634 918 666 979 et
688 932 770 981 nunu
800 916 926 997 quidem
950 921 989 981 nt·
1007 916 1185 999 inpleantur

67 1035 110 1079 eeu
127 1035 200 1099 quae
222 1018 347 1082 utiliter
368 1038 388 1083 a
410 1018 500 1082 nobis
523 1019 696 1084 desiderata
718 1020 908 1103 perspexerit
929 1020 1086 1094 adiuuere,
1103 1038 1185 1085 nune

81 1137 141 1182 uero
170 1122 264 1185 etiarn
296 1122 394 1204 ipsius
423 1121 522 1186 saneti
550 1122 696 1187 desiderii
727 1123 878 1203 inspirare
906 1124 1058 1205 prineipia
1079 1125 1112 1187 et
1135 1123 1184 1187 uel

79 1224 190 1288 initium
223 1226 296 1290 boni
325 1224 426 1307 operis
456 1228 506 1290 uel
536 1228 801 1308 perseuerantiam
825 1228 1005 1293 condonare.
1043 1225 1114 1291 iude
1137 1222 1216 1289 est?

79 1330 145 1407 quod
167 1329 294 1392 orantes
315 1345 376 1392 non
397 1329 497 1396 solum
523 1334 728 1413 protectorem
752 1346 789 1393 ao
805 1331 1004 1406 saluatorem,
1019 1332 1072 1395 sed
1088 1329 1184 1393 etiam

77 1430 233 1494 adiutorem
257 1448 294 1495 ao
316 1436 524 1513 susoeptorenn
548 1432 708 1496 dominnm
730 1432 966 1513 proolamanrus.
998 1432 1029 1496 in
1048 1448 1082 1495 eo
1099 1426 1182 1496 enir'n

55 1534 145 1613 nquod
171 1535 257 1614 prior
285 1533 415 1599 aduocat
445 1540 476 1599 et
506 1536 686 1619 ignorantes
713 1554 768 1600 nos
790 1536 884 1616 etque
907 1536 1022 1601 inuitos
1045 1534 1184 1599 adtrahit

76 1636 267 1712 adsalutem,
297 1642 453 1720 proteetor
479 1643 573 1721 atque
605 1640 742 1704 minator
772 1641 828 1717 est,
858 1640 891 1702 in
920 1658 955 1703 eo
977 1640 1081 1702 eutem
1104 1638 1183 1719 quod

77 1738 273 1805 adnitentibus
308 1741 397 1805 nobis
435 1760 524 1822 opem
560 1741 641 1806 ferre
677 1741 924 1825 refugientesque
960 1742 1115 1823 suscipere
1149 1758 1185 1804 au

76 1842 184 1907 nuunine
206 1845 379 1919 eonsueuit,
402 1847 563 1927 susceptor
585 1864 621 1909 au
646 1844 803 1928 refugium
827 1845 1015 1909 nominator.
1054 1844 1185 1925 denique

76 1945 141 2009 bane
155 1946 396 2027 dispensationis
412 1948 462 2013 dei
478 1948 684 2029 multiplicem
701 1947 884 2030 largitatem
900 1948 1009 2013 beatus
1025 1948 1185 2029 apostolus

53 2052 165 2111 irruente
199 2051 395 2129 pertractans
429 2054 461 2115 et
493 2050 526 2113 in
562 2051 717 2131 quoddam
749 2050 926 2115 inmensum
960 2052 1052 2131 atque
1085 2048 1184 2113 inter·

75 2152 209 2217 ninabile
241 2154 370 2237 pietatis
398 2152 447 2220 dei
476 2154 602 2236 pelagus
634 2174 667 2219 ae
696 2152 843 2221 inuidisse
866 2152 1056 2234 eouspieiens
1080 2151 1183 2215 erela-

75 2258 175 2321 nsuitr
192 2275 210 2321 o
227 2256 403 2322 altitude
423 2256 664 2327 diuitiarum
685 2253 1183 2337 sapientiaeetseientiae

74 2358 140 2423 dei:
171 2373 284 2443 quam
313 2360 602 2427 inscrutabilia
631 2361 781 2425 iudicia
807 2358 868 2423 dei
898 2362 935 2423 et
964 2358 1182 2439 inuestiga-

74 2461 166 2527 biles
217 2464 307 2527 niae
354 2463 449 2529 eins.
506 2462 597 2544 quie
645 2464 745 2529 enim
796 2461 983 2544 cognouit
1027 2478 1199 2527 sensum?

51 2565 232 2634 niominis
259 2563 351 2630 buius
374 2583 448 2647 ergo
471 2567 620 2632 seleutius
649 2565 894 2640 admirationem,
918 2581 1012 2645 quam
1033 2564 1089 2629 ille
1110 2558 1215 2630 talis3

73 2686 100 2732 ao
118 2673 227 2736 tantus
248 2669 390 2752 gentium
413 2668 565 2750 magister
586 2670 720 2752 expauit,
744 2685 894 2734 enatuere
909 2668 1078 2744 tenebitur,
1098 2667 1183 2749 quis·

73 2793 120 2854 que
161 2775 332 2840 erediderit
375 2775 461 2842 illius
504 2774 744 2840 inaestimabilis
789 2773 892 2856 abyssi
936 2771 1183 2853 profunditatem

73 2875 197 2942 bumana
220 2878 343 2942 ratione
364 2897 396 2942 se
418 2895 506 2960 posse
528 2879 643 2943 metiri.
674 2896 746 2942 uam
772 2878 825 2958 qui
849 2875 1034 2956 adplenum
1059 2873 1181 2954 dispen-

71 2981 194 3043 sationes
217 2978 279 3056 dei‚
303 2979 416 3062 quibus
439 2982 573 3044 salntem
596 2979 629 3043 in
646 2979 824 3044 homiuibus
841 2987 995 3060 operatur,
1012 2978 1062 3041 uel
1080 2975 1184 3040 mente

49 3085 215 3165 europem
247 3083 298 3147 uel
328 3083 475 3148 disserere
503 3104 535 3148 se
566 3100 655 3166 posse
684 3081 823 3164 conlidit,
846 3081 953 3163 procul
977 3081 1069 3145 dubio
1092 3078 1184 3160 iupu-

70 3203 157 3266 gnans
190 3187 381 3268 apostolieae
413 3187 585 3250 sententiae
619 3187 785 3250 ueritatem
818 3184 1000 3250 scrutabilia
1034 3201 1098 3247 esee
1133 3183 1183 3246 dei

160 3423 193 3478 17
211 3421 289 3475 Rom.
308 3421 349 3483 11,
366 3421 472 3476 eei-34

111 3643 362 3714 ldenmldfiiZO
458 3643 716 3709 ambrosios
745 3647 773 3697 et
791 3645 818 3699 Σ
827 3643 886 3710 (llo
980 3641 1184 3710 3fraqlantiam

69 3729 88 3782 0
190 3732 210 3786 5
237 3748 254 3786 a
279 3746 330 3789 osu·
354 3731 386 3786 Π
494 3747 511 3785 a
534 3731 613 3786 nobis
640 3733 746 3787 utilibeu
772 3734 798 3788 t*
897 3732 1065 3800 perspexerat
1088 3729 1118 3780 Π

68 3818 235 3890 binspsrare
257 3819 286 3872 Σ
388 3819 451 3872 eet
467 3822 645 3888 susseptorenn
663 3818 740 3874 deurn
759 3817 786 3872 0
889 3821 920 3872 ll
939 3817 1060 3872 saluatur
1077 3816 1115 3868 Πι

70 3905 95 3958 is
113 3905 300 3962 duiute'bue
320 3903 423 3958 H‘PO:
451 3904 636 3960 annitentibus
654 3923 678 3971 φ
705 3902 887 3974 innitentibus
909 3905 938 3955 Σ
1040 3903 1184 3972 fugientes-

69 4005 110 4057 que
129 3993 184 4059 I'q
290 3990 323 4044 1³
346 4004 453 4046 munere
475 3991 515 4043 Πι
620 3992 652 4045 18
675 3995 740 4048 sunt
759 3989 859 4044 iudieia
881 3989 954 4044 eon
1056 3988 1110 4058 dei]
1127 3989 1186 4048 eine

68 4075 106 4132 Du
189 4076 425 4145 inluuestiqabiles
443 4078 484 4130 22:
509 4076 559 4132 sed
575 4076 769 4143 spissiam
787 4074 961 4144 uestiqabiles
1047 4075 1080 4130 az
1098 4075 1184 4130 erede

68 4161 128 4216 derit
147 4164 189 4216 Πι
295 4162 506 4217 inaestimabiloe
528 4163 560 4214 Π
583 4162 781 4218 iuentiruabilis
798 4161 925 4216 ablasio
1028 4162 1062 4216 23
1079 4161 1183 4230 dispeu-

68 4248 170 4302 sutionis
193 4247 227 4302 11
327 4249 362 4304 ἢὸ
383 4249 500 4304 ducrere
524 4249 562 4303 11¹
665 4249 700 4303 26
723 4249 843 4303 delesse
866 4247 941 4299 liu
1025 4246 1123 4301 iudicia
1140 4247 1183 4302 elei
