3009 5200
264 398 329 463 488
656 392 822 448 Iohannis
843 388 1000 448 Cassiani

264 584 381 651 latione
408 583 550 667 proferri,
573 581 632 649 sub
657 583 790 649 aliorum
817 580 961 647 solebant
982 581 1122 647 colorare
1142 580 1292 665 personia,
1313 582 1391 663 qnid

265 687 352 753 alind
375 703 539 770 possumus
561 704 657 769 qnam
680 688 823 769 apertum
837 702 932 767 anper
945 685 995 750 his
1016 685 1155 751 iudicare
1171 684 1393 749 mendacium?

234 790 361 874 datque
383 792 505 855 utinam
527 807 584 855 nos
606 808 726 873 qnoque
748 788 880 870 dignum
900 788 1022 870 aliquid
1043 788 1230 853 deteramus
1251 788 1334 869 quod
1351 788 1393 852 ad

265 895 459 960 incitandam
488 892 581 958 fidem
609 892 738 975 proponi
767 890 938 956 iunioribus
963 890 1080 973 possiti
1103 893 1241 974 profecto
1262 891 1393 957 minime

267 1014 442 1063 notaremur
465 995 679 1062 huiuscemodi
702 995 828 1060 illorum
850 994 1000 1077 chnta
1021 997 1144 1059 sectari.
1169 994 1286 1059 rectius
1307 995 1430 1061 enims

266 1104 315 1166 est
347 1098 406 1165 aab
440 1098 513 1166 talis
545 1100 662 1182 figurae
696 1097 798 1163 colore
832 1097 959 1163 mentiri
986 1114 1082 1180 qnam
1108 1117 1163 1180 pro
1193 1096 1394 1163 obseruantia

266 1203 497 1271 inrationabilis
519 1201 611 1267 istius
640 1202 784 1267 ueritatis
806 1204 861 1267 ant
889 1220 926 1265 oa
947 1218 1027 1281 qnae
1047 1203 1210 1267 audientes
1232 1201 1394 1267 aedificare

265 1310 434 1392 potuerunt
462 1305 635 1388 incongrua
661 1303 879 1371 taciturnitate
909 1306 1073 1388 contegere
1094 1308 1151 1369 aut
1179 1305 1206 1370 si
1228 1322 1265 1370 ox
1286 1310 1394 1369 nostra

266 1428 396 1494 persona
439 1409 593 1475 ueraciter
636 1408 835 1490 proferantur
876 1406 1061 1473 iactantiam
1097 1408 1206 1473 noxiae
1241 1408 1395 1475 nouitatis

238 1514 431 1581 3incmrorc.
470 1514 508 1579 ad
532 1512 613 1595 quod
637 1512 732 1577 otiam
754 1529 810 1577 nos
836 1512 1018 1597 magisterio
1040 1530 1096 1577 sno
1117 1512 1225 1579 doctor
1247 1514 1432 1596 gentiumne

268 1616 431 1683 euidenter
463 1615 614 1691 institnit,
646 1615 699 1698 qui
727 1614 954 1681 renotationum
983 1634 1111 1681 sumum
1140 1616 1394 1698 magnitudinem

268 1739 305 1785 ox
333 1718 464 1786 alterins
494 1720 606 1784 maluit
635 1719 774 1803 prolerre
795 1736 927 1801 persona
948 1719 1069 1786 dicens:
1092 1720 1176 1785 scio
1197 1719 1395 1785 hominem

268 1824 307 1891 in
334 1822 508 1901 Christo,
540 1824 628 1888 sine
656 1820 695 1887 in
724 1839 888 1905 corpore
914 1822 1000 1887 sinc
1028 1825 1138 1889 extra
1164 1841 1307 1907 corpus
1333 1842 1395 1887 no·

268 1926 366 2007 scio,
395 1927 488 1992 dens
519 1926 611 2004 scit,
640 1929 796 2010 raptum
823 1944 948 2009 usque
976 1929 1021 1993 ad
1044 1926 1212 1992 tertium
1233 1927 1395 1993 caelum.

268 2035 308 2098 et
344 2032 424 2097 scio
461 2029 681 2095 huiusmodi
716 2029 927 2109 hominem,
964 2030 1056 2112 quia
1093 2032 1230 2113 raptus
1263 2036 1324 2097 ost
1356 2030 1433 2096 inre

268 2131 452 2217 paradiso
486 2134 525 2196 ot
557 2130 714 2197 audiuit
747 2131 985 2197 ineffabilia
1018 2131 1153 2210 narba,
1188 2150 1286 2215 qnae
1320 2152 1396 2198 non

267 2236 363 2301 licet
384 2234 535 2301 homiui
558 2234 678 2317 loqui.

311 2354 409 2420 XXV.
444 2355 631 2439 inpossibile
662 2356 752 2422 nobis
782 2358 832 2421 est
860 2355 1177 2422 breuiter‘nninersa
1206 2375 1397 2440 percurrero.

269 2461 339 2541 quis
361 2458 477 2525 etenim
493 2476 675 2525 enumerare
690 2458 826 2525 sufficiat
842 2476 951 2524 omnes
965 2460 1189 2541 propemodum
1203 2459 1396 2543 patriarchas

269 2564 453 2644 sanctosque
481 2561 735 2645 innumerabiles,
766 2562 845 2629 alios
867 2580 923 2646 pro
945 2562 1031 2630 niteo
1054 2562 1220 2641 tutamine,
1242 2562 1318 2630 alios
1341 2582 1435 2647 proso

269 2666 495 2734 benedictionis
525 2667 686 2746 desiderio,
716 2667 794 2732 alios
822 2684 876 2750 pro
905 2667 1127 2753 misericordia,
1159 2667 1237 2733 alios
1259 2687 1314 2752 pro
1335 2669 1396 2734 ali-

270 2771 359 2836 cuius
381 2769 588 2836 occultatione
603 2771 755 2854 mysterii,
771 2770 850 2836 alios
865 2789 920 2852 pro
935 2771 1000 2836 tolo
1016 2771 1078 2852 dci,
1092 2771 1171 2838 alios
1185 2789 1241 2855 pro
1256 2773 1397 2840 examine

270 2873 414 2938 ueritatis
444 2875 652 2955 patrocinium
683 2879 718 2938 ut
748 2872 795 2938 ita
822 2872 954 2940 dixerim
983 2874 1196 2957 adsumpsisse
1218 2875 1398 2942 mendacii?

270 2993 348 3058 quae
381 2975 462 3040 sicut
495 2977 671 3044 enumerari
706 2979 818 3042 cuneta
850 2994 912 3042 non
942 2981 1083 3060 possunt,
1114 2977 1161 3042 ita
1188 2981 1398 3062 praetermitti

241 3077 395 3162 2penitus
432 3079 576 3145 uniuersa
613 3097 673 3146 nou
710 3080 832 3145 dobant.
876 3099 949 3145 nam
986 3080 1116 3145 beatum
1153 3080 1265 3164 Ioseph
1297 3081 1437 3164 pioteaso

272 3182 421 3264 conpulit,
453 3184 489 3246 ut
518 3182 632 3248 falsum
658 3182 810 3248 tratribus
833 3183 951 3250 crimen
974 3181 1073 3250 etiam
1095 3202 1167 3248 oum
1187 3183 1397 3251 obtestatione

271 3285 377 3368 regiae
420 3285 532 3350 salutis
576 3285 754 3368 inpingeret
797 3286 919 3352 dicens:
964 3288 1239 3371 exploratores
1278 3292 1397 3354 estis:

270 3387 502 3456 infirmiora
533 3389 664 3454 terrae
694 3389 866 3454 uenistis
897 3390 1113 3472 inspicere,
1143 3395 1175 3456 et
1195 3391 1279 3457 infra
1310 3393 1398 3458 mit·

307 3697 357 3752 XX
376 3611 407 3665 12
431 3611 460 3666 II
478 3609 539 3668 Cor.
564 3611 604 3678 12,
621 3611 690 3666 2-4
793 3612 825 3666 27
851 3611 917 3668 (ion.
938 3611 981 3679 42,
1000 3614 1016 3668 9
1035 3611 1129 3680 (LXX)
1232 3614 1266 3668 28
1287 3613 1347 3668 Lo.
1365 3613 1399 3666 16

272 3699 305 3766 (L
359 3707 368 3766 1

323 3904 503 3959 idiiudicsro
521 3904 547 3955 Y
635 3903 757 3972 tposset
774 3903 854 3957 HOo
944 3903 1122 3973 dpotuerant
1139 3903 1219 3958 llt‘o
1308 3905 1398 3958 tiae·

271 3991 604 4046 tantianoxienanitatis
622 3991 789 4044 enarraret]
900 3989 933 4043 10
956 4005 1004 4044 noa
1026 3991 1110 4043 etiam
1132 3987 1182 4042 i'O
1285 3990 1318 4043 12
1340 4005 1398 4058 per·

272 4093 363 4132 sonam
381 4079 409 4128 Σ
513 4077 545 4131 13
562 4079 637 4130 extra
655 4091 763 4145 corpore
780 4077 820 4128 Π·
926 4077 959 4130 14
976 4076 1039 4130 iacit
1056 4077 1085 4128 Σ
1187 4075 1222 4130 15
1239 4077 1286 4144 qni
1302 4075 1332 4127 Σ

274 4163 306 4216 16
324 4161 455 4232 paradyso
474 4163 501 4222 Σ
530 4161 680 4231 paradisum
700 4165 744 4218 To
835 4164 868 4216 18
884 4163 964 4216 nullo
981 4161 1122 4216 dictinctio
1139 4163 1171 4216 ist
1189 4163 1215 4212 Τ
1296 4161 1332 4214 22
1348 4162 1398 4213 mi·

272 4247 349 4302 sterli
367 4249 454 4301 lll'O
540 4247 737 4302 examinatione
752 4249 803 4304 Hc
828 4247 990 4302 oranich
1074 4249 1108 4302 23
1126 4248 1283 4301 assumsisse
1300 4247 1329 4298 Σ
1353 4245 1399 4299 ad·

273 4333 398 4387 sumsisse
417 4334 441 4385 0
544 4333 578 4387 26
596 4335 778 4389 obstinatione
794 4336 824 4386 ll
