3009 5200
254 412 318 477 568
644 410 811 465 lobannis
828 410 987 467 Caseieui

255 600 408 677 adfectus,
437 619 491 685 per
518 618 596 683 quos
624 601 809 685 paenitenda
830 603 1041 685 conmisimus,
1062 602 1181 669 luerint
1203 603 1240 669 de
1262 606 1378 671 nostris

256 702 404 769 cordibus
441 704 605 786 amputati.
648 707 730 786 quod
767 706 871 769 tamen
908 704 1014 770 nullus
1049 708 1190 773 obtinere
1225 724 1315 790 posse
1346 726 1379 773 so

257 809 372 884 credat,
394 806 449 889 qui
471 824 533 870 nou
554 807 641 888 prius
662 806 746 891 ipsas
775 825 883 872 cauam
904 812 999 891 atque
1021 810 1180 891 materias,
1195 829 1252 893 pro
1265 810 1379 895 quibus

257 912 290 976 in
310 908 368 974 illa
388 912 553 993 conlapsus
575 912 623 975 est
645 910 787 988 erimina,
815 910 900 977 omni
922 913 1051 994 spiritus
1073 916 1122 979 sni
1144 912 1265 980 feruore
1278 917 1379 981 sucd-

257 1014 352 1078 derit:
381 1018 417 1077 ut
448 1012 538 1078 uerbi
573 1014 677 1096 gratia
707 1014 737 1077 si
769 1014 802 1079 in
836 1015 1072 1081 fornicationem
1103 1017 1156 1082 nel
1189 1018 1416 1084 adulteriums

256 1115 431 1198 perniciosa
474 1116 658 1181 feminarum
701 1114 917 1182 familiaritate
953 1116 1118 1201 conlapsus
1154 1122 1212 1197 est,
1257 1138 1381 1186 summa

258 1216 456 1283 festinatione
486 1219 580 1283 etiam
610 1220 715 1301 ipsum
743 1237 850 1285 carum
882 1220 1002 1286 deuitet
1020 1225 1194 1305 aspectum,
1218 1225 1273 1288 ant
1295 1224 1379 1289 certe

257 1322 355 1405 siper
369 1322 595 1388 abundantiam
605 1323 671 1387 uini
686 1324 910 1406 epularumque
925 1325 974 1388 est
989 1323 1186 1390 nimietatem
1201 1343 1379 1401 antoanam,

256 1425 466 1491 inlicientinm
499 1426 637 1492 ciborum
667 1425 829 1508 crapulam
856 1445 981 1491 summa
1008 1427 1205 1494 districtione
1235 1430 1380 1513 castiget.

226 1530 289 1596 let
315 1548 439 1595 rursum
469 1531 497 1595 si
525 1530 559 1595 in
586 1529 758 1613 periurium
786 1534 842 1597 aut
870 1530 990 1595 furtum
1017 1536 1072 1597 aut
1098 1532 1302 1599 homicidium
1323 1537 1417 1599 antro

256 1632 480 1714 blasphemiam
514 1634 718 1718 pecuniarum
754 1634 907 1699 desiderio
944 1640 1038 1717 atque
1073 1652 1179 1700 amore
1215 1640 1379 1720 corruptus

256 1736 398 1813 incurrit,
441 1737 606 1803 materiam
641 1737 796 1803 auaritiae
839 1738 1034 1803 iuleetrioem
1077 1757 1152 1804 suae
1188 1738 1380 1822 deceptionis

255 1841 411 1907 abscidat:
426 1841 454 1906 si
469 1843 502 1905 in
517 1841 697 1907 iracundiae
712 1842 827 1907 uitium
851 1844 1012 1924 superbiae
1026 1845 1168 1927 passione
1182 1843 1380 1927 conpellitur,

256 1944 457 2026 adrogantiae
469 1944 568 2027 ipsius
584 1944 727 2009 fomitem
743 1964 867 2012 summa
877 1944 1068 2011 humilitatis
1078 1946 1198 2012 uirtute
1210 1946 1380 2015 conuellat

257 2050 289 2112 st
311 2049 357 2113 ita
377 2052 414 2112 ut
435 2051 676 2131 unumquodque
697 2050 861 2131 peccatum
883 2048 983 2132 possit
998 2049 1150 2132 extingui,
1177 2067 1272 2115 causa
1285 2054 1417 2133 atquem

256 2151 376 2217 occasio
402 2172 458 2235 per
481 2171 574 2236 quam
596 2154 648 2218 uel
669 2151 709 2218 ob
732 2171 827 2235 quarn
855 2154 1026 2219 admissum
1048 2158 1095 2219 est
1118 2153 1209 2219 debet
1231 2154 1380 2237 primitae

257 2256 423 2338 amputari.
461 2256 523 2321 isto
544 2257 629 2322 enim
651 2256 848 2322 curationum
870 2256 1008 2323 remedio
1031 2260 1069 2324 ad
1092 2254 1284 2322 obliuionem
1306 2274 1380 2339 quo·

256 2376 315 2439 qne
336 2358 545 2425 admissorum
566 2360 733 2426 criminum
756 2360 821 2425 sine
843 2359 938 2426 dubio
959 2360 1151 2444 peruenitur.

297 2479 371 2549 XII.
395 2482 510 2548 Verum
532 2484 596 2550 ista
617 2483 795 2566 praedictae
821 2484 989 2549 obliuionis
1011 2482 1151 2549 definitio
1173 2502 1265 2567 super
1293 2484 1379 2567 capi·

255 2582 373 2649 talibus
416 2588 540 2652 tantum
578 2587 621 2653 sit
658 2584 843 2654 criminibus
879 2586 1061 2666 constituta,
1105 2605 1185 2671 puae
1222 2586 1416 2672 ldoysaicaso

255 2705 377 2772 quoqne
412 2688 479 2774 lege
513 2692 713 2771 damnantur,
744 2709 875 2775 quornm
909 2691 991 2758 siout
1024 2711 1078 2776 per
1111 2693 1379 2758 conuersationem

257 2794 368 2858 bonam
389 2777 573 2860 abiciuntur¹
587 2795 640 2860 uel
662 2797 887 2861 consumuntur
912 2793 1063 2876 adiectus,
1086 2795 1133 2862 ita
1155 2795 1250 2860 etiam
1271 2795 1379 2877 paeni·

256 2895 358 2960 tentia
389 2899 502 2981 accipit
535 2896 636 2963 linem.
680 2901 821 2964 ceterum
854 2898 893 2963 ab
926 2897 996 2963 istis
1029 2898 1171 2977 minutis,
1200 2899 1234 2963 in
1266 2899 1379 2981 quibus

256 2999 404 3080 septies
427 3000 561 3066 iustus
584 3001 691 3066 cadit
713 3001 749 3066 ut
771 3001 924 3085 seriptum
947 3001 1048 3067 estet
1069 3002 1264 3084 resurgit,
1285 3020 1378 3066 num-

227 3105 349 3184 squam
376 3101 472 3167 decrit
500 3102 675 3186 poenitudo.
713 3109 769 3170 aut
799 3104 884 3171 enim
912 3123 967 3190 per
995 3105 1216 3188 ignorantiam,
1247 3107 1302 3169 aut
1323 3120 1414 3187 perse

359 3340 393 3394 24
411 3339 489 3395 Pror.
507 3340 550 3406 24,
569 3341 603 3396 16

310 3564 324 3617 l
348 3563 469 3620 adfectus
492 3564 547 3618 K¹=
577 3563 623 3619 eff.
642 3564 735 3620 OK'Z
761 3565 869 3620 effectus
886 3565 944 3620 BF
1044 3565 1248 3635 doptiuereB
1352 3581 1381 3617 se

258 3663 333 3719 poseo
350 3649 409 3704 BF
500 3649 578 3705 teni
594 3666 645 3704 core
662 3650 702 3721 pe
797 3650 1043 3706 embrudmtiam
1060 3651 1121 3706 BF
1211 3651 1381 3706 nimietatem

254 3736 365 3806 ecripee’:
394 3735 535 3790 nimietate
557 3736 636 3792 codd.
661 3754 678 3793 o
780 3739 797 3793 9
819 3737 999 3793 inlicientium
1021 3737 1083 3793 Fre
1116 3737 1285 3792 inlicentium
1302 3735 1381 3792 1³¹0·

257 3821 423 3878 inlicitorum
436 3821 476 3878 Β·
492 3823 600 3878 inlicita
613 3822 649 3880 0¹
665 3823 849 3895 inlicitamdc
925 3823 1091 3895 cybornt
1168 3823 1312 3893 crepulaO

256 3907 429 3963 destrictione
445 3907 510 3965 ΡΟ
611 3911 642 3964 11
661 3910 829 3965 blasfemiam
851 3910 917 3967 Oet
934 3911 965 3979 (b
980 3926 1015 3966 cc
1033 3911 1060 3981 p)
1078 3911 1112 3965 K
1216 3907 1249 3963 ld
1265 3905 1384 3964 abscidit

258 3993 291 4050 0¹
396 3995 555 4067 propellitur
579 3995 618 4065 to
722 3997 757 4052 14
783 3997 915 4052 conuellet
943 3995 978 4052 0¹
1082 3997 1165 4052 lbet
1182 3998 1215 4050 ut
1231 3995 1271 4050 ita
1293 3993 1321 4048 B
1349 3997 1383 4050 ut

257 4095 308 4135 om.
325 4079 357 4135 F
456 4081 488 4136 17
511 4085 650 4152 amputare
673 4082 769 4139 B¹F¹0
869 4083 970 4138 etenim
991 4084 1031 4152 po
1119 4081 1155 4137 20
1177 4080 1310 4152 moynioa
1327 4081 1383 4135 B':

257 4181 379 4236 mosayca
408 4165 473 4224 ΟΡ
507 4169 624 4223 mosaica
651 4169 709 4223 roll.
816 4169 848 4223 21
877 4170 1075 4225 conuerrionsm
1103 4167 1137 4225 0ι
1238 4165 1273 4222 22
1298 4166 1384 4236 penit.

258 4252 336 4323 3οβ
442 4253 478 4310 43
503 4255 629 4310 minutiis
656 4255 697 4309 11¹
800 4255 835 4309 24
861 4255 990 4310 scribtum
1016 4255 1041 4309 Ζ
1141 4255 1261 4323 resurget
1291 4252 1315 4308 0

256 4339 292 4394 lb
308 4340 455 4410 poenitudo
471 4341 556 4396 deerit
573 4341 605 4396 F
