3009 5200
279 372 342 441 150
670 369 834 426 Iohannis
854 369 1011 461 Cassiani

277 564 416 628 umnam
447 578 580 628 uacuam
613 578 679 627 esse
702 578 722 626 a
743 557 925 627 necessariis
957 558 1131 625 uirtutibus
1160 579 1221 626 uon
1252 560 1410 641 sinamus,

276 666 331 731 sad
354 663 399 729 eis
420 666 583 731 uniuersos
605 680 744 729 recessus
767 662 869 730 cordis
892 662 992 729 nostri
1013 662 1183 729 studiosius
1206 682 1407 748 occupemus,

276 785 318 833 ne
352 786 496 834 reuersus
540 762 812 851 concupiscentiae
846 766 976 851 spiritus
1012 766 1122 833 inanes
1158 785 1213 832 nos
1250 767 1290 832 ab
1327 768 1408 853 ipsis

276 872 482 954 recentesque
514 869 669 955 repperiat
702 872 733 935 et
767 887 829 936 non
860 868 922 936 sibi
954 870 1020 936 iam
1052 869 1112 935 soli
1145 870 1266 935 aditum
1292 890 1409 954 parare

276 975 440 1041 contentus
466 974 645 1040 introducat
674 992 782 1039 seeum
803 974 836 1039 in
859 974 999 1039 animam
1030 974 1169 1039 noemam
1192 973 1407 1055 septenarium
1433 996 1450 1037 a

276 1076 360 1145 hunc
391 1076 534 1143 fomitem
566 1076 715 1143 uitiorum
748 1077 783 1142 et
815 1076 914 1142 faciat
948 1076 1123 1143 nouissima
1158 1080 1265 1142 nostra
1296 1080 1407 1163 peiora

245 1180 442 1265 aptioribus.
479 1182 600 1263 turpior
629 1180 715 1245 enim
744 1180 805 1246 erit
833 1183 905 1264 post
933 1179 1010 1246 haec
1039 1183 1073 1246 et
1097 1180 1277 1246 inmundior
1297 1182 1406 1247 anima

275 1304 312 1352 ac
333 1284 486 1371 supplicio
508 1283 652 1367 maiore
673 1284 837 1368 plectetur,
868 1302 946 1368 quae
968 1302 1003 1349 se
1023 1283 1220 1349 renuntiasse
1240 1282 1315 1350 huic
1335 1301 1406 1350 sae·

275 1388 344 1455 culo
381 1388 535 1473 gloriatur
571 1386 804 1453 dominantibus
835 1385 895 1453 sibi
931 1390 999 1453 octo
1032 1386 1131 1466 uitiis,
1169 1404 1263 1470 quam
1299 1387 1407 1453 tuerat

276 1494 432 1576 quondam
454 1490 488 1555 in
510 1490 634 1557 saeculo
656 1490 835 1570 constituta,
861 1508 933 1556 oum
955 1508 1013 1556 nec
1035 1489 1235 1575 disciplinam
1255 1490 1448 1557 monachile

276 1595 387 1662 fnisset
419 1593 557 1679 professa
588 1611 645 1659 neo
678 1611 798 1660 nomen.
841 1612 915 1658 nam
949 1596 981 1659 et
1015 1593 1176 1676 nequiores
1209 1592 1243 1658 hi
1279 1599 1405 1679 septem

276 1698 406 1784 spiritns
436 1697 491 1762 illo
521 1696 622 1781 priore
651 1694 705 1779 qui
726 1714 868 1779 egressus
891 1696 992 1762 iuerat
1014 1696 1128 1763 idcirco
1149 1697 1304 1778 dicuntur,
1328 1700 1404 1782 qnia

277 1800 468 1870 desiderium
489 1801 591 1884 gulae,
615 1798 648 1865 id
671 1800 719 1863 est
740 1799 962 1884 gastrimargia
979 1818 1034 1885 per
1048 1818 1114 1866 sese
1128 1818 1188 1864 non
1204 1805 1285 1867 esset
1299 1802 1404 1887 noxia,

276 1905 339 1972 nisi
360 1904 585 1971 intromitteret
605 1903 765 1987 grauiores
787 1902 865 1969 aliae
879 1905 1047 1986 passiones,
1063 1901 1096 1971 id
1111 1907 1159 1970 est
1174 1902 1403 1980 fornicationis,

275 2009 462 2095 fllargprine,
484 2008 559 2087 irae,
583 2006 733 2072 tristitiae
753 2005 822 2071 siue
843 2006 1014 2089 superbiae,
1036 2025 1114 2090 quae
1127 2026 1183 2089 per
1198 2010 1298 2073 semet
1312 2008 1445 2078 noxiam

244 2112 399 2179 danimae
420 2130 456 2177 ac
477 2107 685 2195 peremptoria
706 2126 773 2174 esse
800 2127 861 2175 non
888 2106 1019 2175 dubium
1041 2112 1098 2174 est.
1137 2114 1169 2175 et
1191 2110 1306 2177 idcirco
1330 2130 1403 2197 pcr-

274 2214 417 2282 fectionis
442 2213 612 2298 puritatem
640 2229 812 2295 numquam
840 2211 955 2294 poterit
983 2212 1132 2292 obtinere,
1166 2214 1305 2299 quisquis
1333 2232 1404 2281 eam

275 2319 314 2384 de
343 2318 401 2383 hac
428 2316 496 2384 sola
526 2318 728 2393 continentia,
756 2315 790 2381 id
821 2320 870 2381 est
898 2317 1012 2383 ieiunio
1042 2317 1194 2403 corporali
1228 2320 1403 2401 sperauerit

275 2420 509 2506 adquirendam,
539 2420 601 2487 nisi
629 2419 755 2485 nouerit
779 2420 817 2486 ob
840 2420 872 2485 id
895 2439 928 2485 se
949 2421 1030 2487 hanc
1058 2442 1199 2489 exercere
1221 2422 1342 2504 debere,
1366 2426 1404 2488 nt

276 2524 443 2591 humiliata
474 2542 564 2591 carne
597 2522 722 2590 ieiuniis
755 2524 879 2591 facilius
912 2524 1013 2608 possit-
1043 2526 1194 2593 aduersus
1229 2528 1293 2593 alia
1320 2528 1447 2593 uitiaao

275 2629 355 2694 inire
378 2631 534 2696 certamen
557 2646 619 2694 non
640 2628 844 2695 insolescente
866 2647 958 2696 earne
979 2628 1156 2696 saturitatis
1177 2629 1331 2715 inglorie.

318 2766 450 2836 XXVII.
475 2766 642 2836 Sciendum
664 2769 772 2836 tanam
792 2787 855 2836 non
877 2769 1011 2836 eundem
1024 2787 1093 2836 esse
1106 2768 1139 2834 in
1156 2771 1300 2836 omnibus
1314 2772 1404 2838 nobis

275 2872 417 2938 ordinem
431 2871 629 2954 proeliorum,
648 2874 721 2956 quia
736 2874 820 2939 siout
835 2871 972 2938 diximus
986 2890 1049 2940 non
1063 2891 1125 2939 uno
1140 2874 1232 2939 modo
1246 2873 1403 2958 inpugna-

275 2993 348 3040 mur
383 2992 497 3054 omues,
537 2976 570 3040 et
606 2976 728 3058 oportet
762 2993 1016 3060 unumquemque
1052 2976 1194 3042 nostrum
1230 2979 1403 3044 secuudum

277 3075 459 3161 qualitatem
490 3078 567 3146 belli
596 3095 656 3163 qno
684 3077 901 3163 principaliter
932 3080 1103 3146 infestatur
1134 3082 1447 3148 concertationumae

276 3182 435 3248 luctamen
464 3182 613 3265 adripere,
641 3181 688 3248 ita
715 3184 752 3248 nt
781 3183 880 3248 alium
906 3200 1030 3248 necesse
1051 3182 1095 3249 sit
1117 3186 1265 3250 aduersum
1286 3185 1405 3250 uitium

277 3287 358 3370 quod
380 3284 508 3350 tertium
522 3283 651 3368 ponitur
665 3283 804 3368 primum
820 3303 959 3352 exercere
973 3284 1165 3373 condictum,
1182 3288 1281 3354 alium
1296 3291 1405 3354 contra

276 3390 424 3471 quartum
445 3386 513 3454 siue
527 3388 684 3471 quintum.
718 3391 751 3453 et
765 3387 812 3453 ita
825 3389 919 3474 prout
932 3389 1000 3472 ipsa
1013 3387 1094 3455 uitia
1107 3388 1141 3454 in
1157 3390 1247 3458 nobis
1261 3390 1403 3457 obtinent

327 3605 493 3664 lamo
583 3607 821 3665 annecessariisV
919 3609 1237 3669 2raoeesoeD¹lVOP¹
1328 3628 1407 3668 occu-

275 3693 393 3761 perimns
409 3692 451 3748 D¹
479 3708 637 3764 occupemur
658 3693 697 3751 lV
793 3695 917 3751 sirenis
933 3695 1014 3752 D¹P¹
1110 3697 1261 3767 dreperiat
1281 3697 1336 3754 ΟΧ

275 3777 486 3848 deeptinarium
507 3777 534 3833 V
617 3779 651 3834 10
668 3779 821 3837 condant)
907 3780 1223 3839 11h50Vnfi1>¹Px
1247 3783 1337 3840 niso

276 3865 309 3920 13
327 3865 532 3935 grmtrimargia
553 3867 591 3922 W
618 3867 825 3938 gastrimargiae
841 3866 937 3923 B’OP
1027 3884 1085 3924 esse
1105 3868 1168 3924 VP¹
1266 3872 1300 3926 14
1316 3872 1407 3926 intro·

274 3950 384 4006 mittere
397 3949 425 4006 V
507 3951 696 4007 fornicationes
713 3951 779 4008 V¹D
864 3953 1175 4026 ldsslargiriaeDOPX
1260 3957 1294 4012 16
1305 3972 1406 4026 perem-

274 4039 365 4106 pturia
385 4035 413 4091 V
434 4038 569 4108 pomtoria
584 4037 642 4094 Do
731 4041 764 4094 18
780 4055 811 4095 nc
831 4041 896 4097 Wo
981 4040 1016 4095 20
1032 4041 1137 4097 facilior
1155 4043 1196 4097 D¹
1282 4043 1408 4098 aduinus

278 4123 306 4176 V
392 4123 660 4180 armamentum
746 4127 907 4182 mturatatis
918 4127 961 4182 D*
1052 4127 1257 4199 idpraeliorum
1274 4129 1337 4186 VW

274 4209 310 4263 24
326 4211 433 4278 opertet
454 4209 488 4266 V¹
578 4211 612 4266 26
629 4212 713 4268 alium
731 4229 782 4269 om.
804 4212 843 4270 lV
931 4213 967 4269 28
983 4215 1109 4270 obtinent
1126 4219 1192 4286 (opt
1215 4215 1262 4284 W)
1279 4216 1308 4270 ln
1327 4216 1410 4272 nobis

272 4295 356 4354 D¹VV
