3009 5200
676 417 840 472 Iohannis
860 417 1017 472 Cassiani

287 605 455 690 sanguinis,
485 608 520 672 ut
548 605 711 671 nonnullas
739 610 855 688 gentes,
886 604 1073 671 desiderium
1098 604 1238 688 praedae,
1262 605 1315 668 sed
1337 602 1405 668 sola

286 708 428 775 ferocitas
451 710 565 774 mentis
586 708 730 794 instigat)
753 709 858 790 eisque
880 710 988 773 contra
1008 712 1153 772 naturam
1174 705 1309 772 161116116
1329 723 1406 770 suae

287 829 359 876 cum
381 814 511 895 panibus
533 812 746 892 occurrissent,
775 829 854 876 unus
877 830 913 876 ex
934 810 979 876 eis
1001 810 1204 875 subueniente
1217 807 1405 874 discretione

286 914 374 979 uelut
396 932 414 977 a
435 914 560 980 domino
582 914 641 979 eibi
656 918 816 996 porrectos
832 933 905 978 cum
919 912 1034 994 gaudio
1050 913 1081 976 et
1095 913 1268 994 gratiarum
1282 911 1405 975 actione

286 1017 431 1099 suscepit,
466 1018 613 1098 reputans
647 1035 752 1082 escam
782 1017 841 1082 sibi
870 1017 1022 1082 diuinitus
1051 1014 1225 1079 ministrari
1251 1031 1308 1077 nec
1336 1012 1446 1078 siner

286 1120 343 1184 deo
364 1119 493 1202 factum,
517 1123 553 1184 ut
575 1119 608 1183 hi
631 1121 684 1203 qui
706 1137 825 1201 semper
848 1120 1006 1184 hominum
1030 1135 1136 1183 cruore
1156 1117 1327 1200 gauderent
1347 1119 1403 1183 de·

286 1220 457 1287 ficientibue
479 1223 542 1288 iam
566 1239 602 1287 ae
624 1221 857 1287 tabescentibus
879 1223 962 1286 uitae
977 1220 1186 1286 substantiam
1201 1219 1403 1303 largirentnz,

284 1323 365 1388 alins
398 1342 471 1390 uero
504 1343 649 1390 recusans
684 1324 790 1389 cibum
823 1327 909 1390 uelut
941 1326 979 1388 ab
1011 1323 1136 1389 homine
1169 1321 1232 1386 sibi
1260 1323 1403 1387 oblatum

255 1424 403 1492 3inediae
437 1423 608 1490 defectione
641 1431 842 1507 consumptus
874 1430 930 1490 est.
967 1441 1099 1506 quorum
1133 1425 1208 1490 licet
1241 1425 1333 1489 initia
1364 1443 1403 1488 ex

284 1527 515 1609 reprehensibili
532 1529 728 1611 persuasione
743 1528 962 1606 descenderint,
980 1547 1060 1592 unus
1077 1531 1182 1592 tamen
1197 1526 1403 1592 subuenicnte
1414 1547 1447 1588 ιο

285 1630 467 1695 discretione
493 1630 526 1697 id
554 1633 634 1714 quod
662 1633 779 1696 temere
803 1629 988 1712 incauteque
1010 1633 1190 1712 conceperat
1212 1629 1401 1706 emendauit,

285 1732 365 1798 alius
398 1738 503 1800 autem
539 1737 572 1800 in
605 1734 706 1799 stulta
732 1735 981 1815 praesumptione
1008 1736 1174 1816 perdurans
1206 1749 1243 1795 ac
1274 1729 1403 1814 penitus

284 1836 478 1902 discretionis
512 1840 637 1919 ignams
671 1843 803 1904 mortem
836 1855 928 1919 quam
961 1837 1104 1902 dominus
1132 1829 1272 1904 auert’ere
1301 1834 1404 1900 uoluit

283 1938 344 2002 sibi
366 1941 431 2020 ipse
453 1939 610 2020 consciuit,
630 1956 822 2022 nequaquam
840 1939 965 2005 credens
980 1939 1133 2004 instinctu
1148 1938 1267 2004 fautum
1283 1937 1402 2019 diuino,

283 2041 364 2122 quod
391 2041 519 2106 inmites
550 2042 671 2107 barbari
699 2045 840 2125 propriae
868 2042 1003 2108 feritatis
1034 2042 1125 2108 obliti
1154 2059 1249 2125 panes
1279 2041 1324 2106 eis
1346 2058 1445 2122 prore

282 2142 395 2226 gladiis
421 2144 615 2209 obtulissent.

325 2263 396 2328 VII.
419 2265 500 2345 Quid
524 2265 619 2330 etiam
641 2264 679 2329 de
701 2264 756 2328 ilio
787 2281 1033 2339 commemorem,
1062 2265 1150 2329 cuius
1172 2263 1305 2329 nominis
1327 2262 1402 2345 qnia

283 2365 383 2431 adhuc
415 2370 553 2448 superest
586 2366 730 2431 nolumus
758 2367 859 2432 iacere
887 2367 1088 2444 mentionem,
1118 2368 1171 2449 qui
1200 2366 1275 2430 dum
1308 2365 1400 2448 longo

281 2471 419 2551 tempore
442 2468 625 2534 daemonem
648 2468 681 2532 in
704 2467 807 2552 angeli
830 2469 960 2551 suscipit
983 2469 1136 2552 claritate,
1158 2466 1399 2534 nepotationibus

282 2571 345 2636 eius
368 2571 537 2637 innumeris
559 2589 653 2653 saepe
675 2571 822 2654 deeeptus
837 2570 972 2636 credidit
987 2573 1134 2637 nuntium
1150 2588 1217 2637 esee
1231 2569 1400 2637 iustitiae?
1410 2593 1443 2633 so

281 2692 350 2738 nam
375 2676 509 2756 exceptis
531 2674 580 2739 his
604 2674 699 2739 etiam
722 2680 779 2755 per'
799 2692 906 2738 omnes
926 2678 1032 2740 noctes
1053 2676 1086 2740 in
1108 2673 1188 2739 cella
1209 2674 1277 2739 eius
1291 2673 1400 2739 lumen

281 2776 394 2859 absque
416 2776 512 2841 ullius
534 2777 677 2843 lucernae
698 2776 866 2859 praebebat
888 2776 997 2841 officio.
1030 2778 1069 2843 ad
1085 2778 1259 2842 extremum
1273 2776 1400 2841 iubetur

280 2897 299 2941 6
314 2880 469 2955 daemone,
486 2881 522 2942 ut
536 2879 591 2945 deo
606 2879 706 2943 hlium
721 2898 813 2944 suum
828 2880 880 2962 qui
897 2898 967 2943 cum
983 2896 1019 2944 eo
1034 2880 1150 2962 pariter
1161 2878 1195 2943 in
1207 2880 1399 2944 monasterio

281 2981 494 3046 commanebat
515 2982 647 3059 offerret,
676 2986 713 3047 ut
734 2982 853 3047 scilicet
881 2982 938 3047 hoc
959 2981 1110 3047 sacrificio
1134 2982 1277 3047 Abrahae
1297 2982 1399 3066 patri·

250 3083 388 3151 2616166
415 3083 535 3147 meritis
565 3088 758 3166 aequaretur.
789 3084 885 3149 cuius
915 3086 948 3149 in
977 3087 1101 3151 tantum
1127 3089 1175 3151 est
1198 3084 1442 3168 persuasiones,

279 3186 435 3259 seductus,
469 3189 504 3251 ut
536 3187 735 3270 parricidium
764 3204 854 3271 opere
881 3188 1069 3270 perfecisset,
1100 3188 1161 3253 nisi
1189 3206 1261 3253 eum
1289 3187 1398 3253 uidens

279 3307 354 3371 puer
377 3288 511 3353 cultrum
534 3292 621 3354 extra
642 3289 895 3355 consuetudinem
917 3290 1053 3355 acuendo
1075 3308 1259 3373 praeparare
1280 3292 1312 3355 et
1327 3289 1400 3355 uin·

279 3391 350 3456 cula
372 3392 482 3473 quibus
505 3411 574 3457 eum
599 3394 686 3458 uelut
708 3392 867 3459 oblaturus
889 3392 929 3457 ad
943 3394 1169 3458 immolandum
1184 3394 1399 3475 constringere

279 3493 461 3576 disponebat
505 3494 668 3578 inquirere,
712 3497 869 3578 praesagio
909 3496 1035 3562 sceleris
1073 3495 1173 3560 futuri
1209 3495 1396 3576 perterritus

279 3595 459 3679 aufugisset.
1411 3620 1442 3661 ec

329 3868 521 3922 dferocitatis
546 3868 576 3922 D
678 3869 781 3924 4as.
799 3870 817 3924 1.
839 3887 874 3923 nr.
892 3872 912 3923 2
933 3868 964 3923 D
1064 3870 1262 3925 tministrare
1287 3868 1329 3923 D¹

276 3988 415 4057 ecyrum
443 3989 472 4042 υ
489 3955 594 4043 “uuum
625 3991 664 4045 W
766 3992 795 4044 11
824 3991 919 4045 timere
948 3990 996 4046 w¹
1100 3992 1133 4047 12
1161 3992 1189 4045 n
1215 4007 1265 4047 om.
1292 3992 1332 4048 u⁷

279 4074 310 4128 13
328 4076 455 4144 auertere]
474 4074 584 4129 aufferre
603 4076 662 4143 (ffer
679 4079 711 4131 isc
728 4092 782 4130 rus.
799 4093 835 4129 m.
847 4080 877 4145 2)
894 4076 924 4130 D
1015 4079 1048 4133 15
1065 4078 1142 4147 panis
1162 4078 1210 4134 W¹
1300 4078 1333 4132 19
1350 4077 1400 4133 de·

276 4174 379 4214 monem
406 4161 467 4215 DX
567 4163 680 4231 suscipit
709 4164 775 4219 Wr:
809 4164 926 4231 suscepit
951 4164 1029 4219 DXc
1135 4163 1171 4218 20
1196 4164 1400 4219 internuntium

276 4244 325 4299 Xe
427 4245 574 4301 ssereret
596 4248 636 4301 D¹
739 4247 872 4302 habrahae
895 4248 931 4303 W
1036 4248 1070 4303 26
1091 4248 1237 4319 perdcisset
1258 4250 1331 4306 DW

275 4330 309 4383 29
326 4330 471 4398 inquireret
495 4333 525 4383 W
