3009 5200
286 393 350 459 472
679 392 846 447 lobannis
862 393 1018 449 Cassiani

289 584 444 665 procurari
474 600 565 665 quam
597 582 769 649 dominicae
803 582 955 664 passionis
987 583 1126 647 salutare
1157 585 1353 649 remedium?
1380 587 1417 648 et

289 688 394 749 tamen
417 704 477 751 non
503 684 603 749 solnm
627 704 688 749 non
717 685 845 768 profuit,
875 704 985 749 nerum
1015 686 1112 750 etiam
1140 686 1176 751 in
1205 690 1331 751 tautum
1361 687 1433 751 illi·

289 789 388 855 obfuit
410 788 554 853 traditori
575 790 662 855 cuius
684 788 860 854 ministerio
874 788 1025 872 probatur
1038 789 1201 872 inpletum,
1217 795 1253 855 ut
1267 789 1415 856 absolute

288 894 325 957 de
340 892 640 972 illopronuntietur:
663 892 804 957 bonum
826 896 912 957 erat
934 891 969 955 ei
990 892 1023 956 si
1038 895 1244 959 natusnon
1265 893 1415 959 fuisset

287 995 399 1061 homo
420 994 503 1060 ille.
538 1013 599 1059 non
622 995 704 1060 enim
720 996 892 1061 secundum
913 995 971 1059 hoc
994 997 1077 1077 quod
1099 1000 1205 1061 euenit
1225 996 1346 1061 unctus
1361 995 1451 1060 illie

288 1102 336 1161 est
358 1096 406 1162 sui
430 1098 530 1179 operis
552 1098 773 1180 repensandus,
795 1097 850 1163 sed
863 1098 1033 1163 secundum
1047 1099 1080 1163 id
1095 1101 1177 1181 quod
1193 1098 1295 1163 iacere
1310 1098 1416 1163 uoluit

258 1201 339 1272 2uel
369 1201 550 1265 effecturum
581 1219 648 1267 esse
671 1220 704 1265 se
727 1202 869 1265 credidit.
907 1203 941 1265 et
970 1220 1096 1267 rursum
1117 1203 1193 1284 quid
1214 1202 1415 1267 criminosius

288 1303 357 1368 dolo
393 1308 487 1385 atque
521 1302 682 1368 mendacio
719 1304 815 1368 etiam
847 1303 881 1367 in
916 1306 1106 1385 extraneum,
1142 1325 1181 1369 ne
1213 1305 1344 1371 dixerim
1377 1304 1415 1367 in

287 1424 468 1491 germanum
498 1408 657 1488 patremua
687 1408 859 1471 conmisso?
888 1410 920 1471 et
949 1408 1053 1472 tanam
1080 1426 1142 1474 non
1163 1409 1266 1473 solum
1288 1409 1414 1473 nnllam

288 1529 342 1593 pro
374 1510 423 1575 his
456 1509 690 1575 damnationem
724 1512 780 1573 aut
811 1509 1079 1591 reprehensionem
1111 1512 1203 1577 Iacob
1230 1511 1455 1595 patriarcham

287 1613 450 1697 contraxit,
465 1630 575 1679 uerum
590 1612 686 1675 etiam
702 1616 854 1694 perpetua
868 1613 1090 1679 benedictionis
1104 1614 1277 1679 hereditate
1291 1614 1413 1679 ditatus

287 1722 344 1782 est.
385 1734 441 1779 nee
473 1716 629 1797 inmerito,
663 1716 737 1795 quia
765 1718 796 1778 et
823 1716 884 1779 iste
913 1715 1159 1781 benedictionem
1193 1718 1414 1801 primogenitis

288 1820 475 1885 destinatam
497 1837 557 1884 non
579 1836 615 1882 er
636 1818 810 1902 praesentis
832 1818 912 1883 lucri
927 1820 1068 1897 ouantia,
1085 1820 1139 1885 sed
1162 1839 1197 1884 er
1212 1820 1273 1885 fide
1292 1822 1414 1885 sancti·

287 1924 438 1989 dicationis
468 1927 633 2007 perpetuae
664 1922 853 2005 concupiuit,
884 1923 917 1986 et
945 1922 999 1987 ille
1028 1943 1089 1988 non
1122 1925 1274 1989 humanae
1298 1926 1413 1989 salutis

287 2027 426 2108 obtentu,
448 2027 502 2091 sed
525 2026 696 2109 filargyriae
719 2026 848 2091 crimine
869 2027 962 2090 morti
985 2026 1115 2091 tradidit
1135 2026 1275 2091 omnium
1291 2027 1456 2091 rodem-re

257 2136 416 2215 3ptorem.
440 2134 470 2193 et
488 2128 602 2195 idcirco
618 2128 741 2210 utrique
757 2145 862 2193 eorum
878 2128 998 2194 fructus
1012 2130 1198 2211 operationis
1213 2149 1286 2194 suae
1300 2150 1412 2196 secun

287 2236 361 2301 dum
384 2232 622 2297 destinationem
645 2233 759 2296 mentis
781 2250 817 2297 ac
837 2233 1030 2315 propositum
1045 2233 1218 2298 uoluntatis
1234 2233 1413 2315 adscriptus

287 2339 344 2415 est,
374 2355 433 2418 qua
462 2354 518 2401 nec
549 2333 602 2400 ille
634 2334 774 2399 fraudem
804 2353 860 2400 nec
889 2336 949 2400 istc
979 2336 1114 2401 salutem
1144 2336 1259 2401 statuit
1280 2338 1411 2420 operari.

286 2441 365 2507 illud
388 2440 471 2505 enim
486 2458 540 2523 pru
556 2438 760 2503 retributione
785 2436 933 2503 mercedis
949 2439 1031 2504 iuste
1045 2440 1212 2521 unicuique
1229 2445 1413 2522 repensatur

286 2544 368 2628 qnod
390 2541 608 2627 principaliter
629 2545 734 2608 mente
757 2542 939 2625 conceperit,
967 2561 1028 2608 non
1043 2544 1125 2626 quod
1140 2544 1249 2609 exinde
1264 2544 1315 2610 uel
1332 2545 1411 2611 bene
1423 2568 1454 2607 ao

286 2649 339 2714 uel
361 2647 441 2711 male
457 2647 566 2712 contra
581 2647 689 2712 uotum
704 2647 860 2729 operantis
877 2647 1046 2713 emerserit.
1077 2647 1205 2729 ideoque
1220 2648 1412 2712 iustissimus

285 2750 378 2815 iudex
408 2749 626 2828 excusabilem,
658 2749 753 2813 immo
783 2749 972 2815 laudabilem
1003 2749 1076 2814 talis
1109 2749 1262 2815 mendacii
1290 2753 1413 2817 censuit

285 2859 560 2938 praesumptorem,
593 2855 664 2936 quia
686 2853 752 2918 sine
777 2872 812 2920 eo
836 2853 875 2918 ad
898 2853 1147 2919 benedictionem
1175 2854 1409 2937 primitiuorum

286 2974 346 3020 non
385 2958 506 3038 poterat
542 2959 711 3038 peruenire,
746 2974 804 3020 neo
838 2956 945 3022 debuit
973 2957 1006 3020 in
1040 2958 1158 3023 crimen
1192 2960 1296 3023 uocari
1329 2957 1411 3042 quod

255 3058 439 3136 4desiderio
460 3059 685 3126 benedictionis
708 3063 851 3124 exortum
873 3064 929 3126 est
951 3061 1090 3143 alioquin
1105 3080 1165 3126 non
1180 3063 1271 3127 modo
1286 3061 1410 3143 iniquus
1420 3087 1453 3128 as

285 3163 318 3227 in
349 3161 475 3228 fratrem
506 3163 684 3245 patriarcha
713 3164 898 3245 praedictus,
931 3162 985 3227 sed
1009 3163 1104 3228 etiam
1126 3163 1355 3229 circumdentur
1376 3167 1411 3228 in

284 3272 404 3350 patrem
439 3267 471 3330 et
500 3265 670 3350 sacrilegus
705 3266 868 3343 extitisset,
899 3267 926 3331 si
956 3265 1072 3333 habens
1103 3267 1199 3332 aliam
1230 3268 1314 3332 uiam
1348 3286 1411 3350 qua

285 3371 324 3436 ad
354 3369 577 3435 benedictionis
610 3369 695 3434 illius
728 3370 863 3452 gratiam
893 3370 1072 3454 perueniret
1101 3369 1180 3435 hanc
1210 3389 1289 3452 quae
1318 3369 1410 3434 fratri

387 3599 405 3652 r
424 3599 473 3652 ne.
492 3599 534 3667 aa,
554 3599 587 3653 24

335 3811 394 3866 lei
414 3814 472 3865 erat
491 3813 519 3862 Σ
617 3812 631 3866 7
650 3827 678 3868 sa
695 3827 751 3868 ease
769 3815 812 3868 Yc
909 3813 925 3866 9
943 3813 1087 3868 fratremne
1105 3814 1130 3866 0
1232 3812 1263 3866 10
1281 3813 1413 3882 dampua-

284 3897 384 3952 tionem
402 3897 432 3950 Π
527 3899 559 3951 11
578 3901 733 3966 perpetuam
750 3898 821 3950 11¹0
846 3903 987 3968 perpetuae
1004 3901 1029 3950 Τ
1122 3899 1155 3952 ld
1172 3899 1230 3968 nec]
1249 3915 1301 3952 non
1319 3900 1345 3951 Y

284 3987 311 4036 et
330 3998 381 4038 om.
399 3985 424 4036 Y
507 3983 681 4054 primogeniti
699 3984 726 4036 Σ
824 3985 855 4038 13
874 3984 1031 4039 distinctam
1049 3985 1108 4036 nr
1200 3987 1233 4038 15
1250 3984 1410 4055 fylargiriae

284 4069 312 4118 Σ
344 4067 525 4138 phylargiriae
548 4069 577 4120 Π
606 4069 780 4138 philargiriae
804 4072 829 4120 Y
855 4069 1037 4139 philargyriae
1060 4070 1085 4124 Ο
1188 4070 1361 4125 redemtorem
1383 4074 1412 4123 Σ

285 4151 310 4204 Ο
396 4155 429 4208 18
446 4170 525 4224 quarn
541 4155 576 4206 ll'
605 4156 668 4224 qnia
682 4154 757 4210 TOo
846 4155 880 4208 20
892 4156 1039 4224 coneipitur
1051 4156 1079 4207 ll
1165 4155 1199 4208 22
1217 4157 1285 4210 talea
1302 4156 1341 4206 Πι

284 4237 318 4375 2ξ
345 4246 551 4308 praesumtorem
579 4243 638 4296 ΣΟ
756 4242 790 4296 25
818 4246 951 4298 extortum
978 4242 1032 4294 TO
1151 4243 1183 4296 at
1212 4247 1287 4312 patre
1314 4243 1342 4294 Σ

283 4325 375 4379 aiens
394 4326 421 4377 Σ
