3009 5200
486 451 646 507 Conlatio
666 448 756 515 xxn,
773 450 850 505 3-5.
1165 452 1228 517 619

104 660 193 707 nosse
222 640 371 707 debemus
398 660 461 707 nou
489 640 604 705 ideireo
633 658 688 705 nus
716 643 842 705 tantum
869 642 909 706 ab
937 656 1118 724 unoquoque
1147 640 1227 706 uitio

103 749 216 813 debere
244 746 381 829 purgari,
412 747 486 828 quia
511 745 577 810 suis
604 743 893 827 perturbationibus
927 746 1068 808 nostrum
1098 750 1228 829 oooupet

103 868 239 927 sensum,
266 851 321 915 sed
349 850 424 932 quia
453 867 512 914 nou
542 854 723 913 contentum
750 849 795 913 sit
823 848 925 913 solum
955 848 1071 933 absque
1095 848 1227 915 aliorum

103 957 257 1021 nousortio
284 952 447 1028 dominari,
474 952 529 1017 sed
558 953 738 1017 intromisso
767 956 906 1015 omnium
934 953 1084 1017 uitiorum
1116 952 1228 1019 diriore

84 1058 235 1140 eoeliegio
255 1057 414 1122 subditam
436 1053 499 1119 sibi
513 1057 652 1120 mentem
666 1054 880 1137 multiplicata
894 1056 1083 1137 captiuitate
1098 1056 1227 1139 popule·

102 1164 166 1225 tur.
190 1164 221 1224 et
235 1160 352 1225 ideirco
366 1157 589 1241 gastrimargia
603 1156 757 1222 uiuoenda
772 1160 821 1223 eet
836 1174 897 1222 nou
910 1160 1035 1241 propter
1047 1176 1078 1222 se
1091 1162 1227 1241 tantum,
1329 1156 1331 1161 ’

104 1284 144 1329 ue
164 1263 288 1329 soilioet
309 1279 438 1327 onerosa
459 1280 515 1327 nos
538 1259 711 1326 uoraoitate
734 1262 931 1343 corrumpat,
957 1278 1015 1327 neo
1029 1266 1155 1345 propter
1170 1263 1228 1328 hoo

104 1368 216 1443 solum,
239 1385 277 1431 ne
298 1366 430 1431 earnalis
454 1362 721 1447 ooneupisoentiae
743 1381 799 1429 noe
822 1363 895 1447 igue
917 1363 1092 1442 suspendat,
1120 1366 1173 1430 sed
1190 1386 1228 1431 ue
1311 1364 1313 1369 ’

104 1469 200 1533 etiam
237 1467 414 1533 iraeundiae
449 1467 502 1531 uel
537 1466 651 1533 furoris
685 1470 779 1548 atque
811 1465 962 1531 tristitiae
995 1468 1228 1550 oetormumque

73 1574 246 1638 nomnium
267 1572 448 1653 passionum
470 1569 566 1635 sanat
591 1586 657 1634 esee
680 1568 846 1653 maneipia.
880 1586 952 1634 nam
968 1587 1040 1634 num
1056 1569 1145 1635 nobis
1161 1569 1257 1637 senati

104 1695 144 1741 ae
169 1677 260 1759 potus
284 1676 335 1740 uel
358 1674 463 1740 minus
492 1674 544 1738 uel
565 1673 684 1739 tardius
706 1674 759 1737 uel
783 1673 995 1757 neglegentius
1018 1674 1226 1755 ministratur,

106 1781 135 1844 si
165 1780 258 1864 gulae
285 1779 496 1843 dominatione
529 1778 741 1860 deprimimur,
771 1794 961 1860 eoueequons
989 1780 1037 1843 eet
1069 1780 1104 1844 ut
1133 1778 1227 1845 etiam

104 1882 286 1947 iraouudiee
308 1882 448 1947 stimulis
470 1881 645 1945 incitamur.
683 1885 714 1943 et
728 1898 839 1945 rursus
854 1880 1051 1963 uoluptuosis
1066 1880 1227 1964 saporibus

103 1987 274 2052 demulseri
303 1984 421 2067 absque
447 1983 627 2068 filargyriae
655 1986 744 2065 poeto
772 2003 833 2048 non
860 2001 1031 2066 possumus,
1059 1986 1228 2067 peronius

71 2088 275 2171 resnperfluos
303 2088 470 2171 adparatus
498 2085 621 2171 magnis
648 2085 773 2150 luxuria
800 2085 916 2169 gaudet
941 2085 1105 2167 inpendiis.
1142 2086 1228 2153 filar-

103 2193 194 2276 gyria
222 2209 306 2275 uero,
336 2188 504 2255 eenoooria
533 2190 627 2271 atque
656 2189 802 2271 superbia
831 2193 864 2251 et
893 2189 1034 2254 emnium
1058 2188 1226 2255 multitudo

104 2296 254 2361 uitiomm
277 2295 440 2360 indiuidua
453 2294 601 2359 societate
615 2292 801 2376 iunguntur,
817 2296 910 2374 atquo
925 2293 970 2357 ita
986 2292 1227 2376 unumquodque

103 2398 229 2475 uitium,
257 2397 285 2461 si
314 2397 421 2480 uigere
450 2396 483 2460 in
513 2395 604 2462 nobis
634 2396 686 2462 uel
707 2396 808 2460 solum
830 2396 974 2479 eoeperit,
998 2397 1094 2461 etiam
1117 2398 1228 2461 esteris

103 2499 248 2585 eubgorit
268 2502 470 2565 incrementa.

69 2651 94 2690 ao
146 2622 224 2687 1111.
248 2639 446 2688 summanus:
477 2621 715 2703 Dispensatioue
737 2620 788 2686 dei
811 2619 965 2686 eredimus
986 2620 1066 2685 hano
1088 2622 1226 2703 quaesti-

103 2743 194 2790 onem
222 2726 256 2789 in
284 2725 422 2791 medium
451 2725 547 2790 fuisse
575 2724 741 2809 prolatam,
770 2723 917 2800 utillud,
941 2725 1021 2807 quod
1044 2724 1228 2790 uereoundia

102 2829 316 2911 interrogandi
346 2829 491 2895 fiduciam
521 2828 685 2894 oobibeute
716 2845 884 2910 numquam
914 2829 1072 2911 potuimus
1100 2829 1226 2910 edoceri,

102 2949 189 2997 nuno
210 2934 421 3015 oportunitate
436 2931 623 2996 conlationis
647 2950 818 3013 causaeque
833 2931 931 3014 ipsius
947 2931 1055 2996 ordine
1068 2933 1226 3014 prouooati

102 3033 257 3100 sciscitari
291 3034 481 3100 fiduoialiter
512 3035 692 3100 audeamus.
729 3033 758 3100 ei
791 3034 888 3118 igitur
917 3053 952 3099 eo
985 3037 1132 3118 tempore,
1168 3050 1228 3117 quo

68 3137 211 3209 naoeedi
234 3141 354 3221 oportet
377 3140 416 3203 ad
437 3142 635 3204 sacrosancte
649 3141 808 3222 mysteria,
840 3137 1029 3204 senserimus
1044 3156 1099 3202 nos
1115 3135 1228 3202 somnii

102 3241 259 3306 inlusione
287 3240 433 3325 pollutos,
463 3242 688 3325 praesumenda
717 3245 765 3307 est
791 3261 832 3306 au
854 3240 983 3306 uitanda
1004 3240 1060 3305 illa
1081 3237 1228 3305 salutaris

103 3361 194 3408 oseae
211 3345 407 3410 saorosaueta
428 3344 608 3428 perceptio?

149 3463 187 3529 V.
211 3481 384 3532 nnuouas:
408 3465 502 3531 Omni
525 3466 649 3548 quidem
665 3465 829 3543 industria,
851 3467 1003 3547 quantum
1019 3465 1051 3528 iu
1067 3462 1154 3528 uobis
1170 3463 1228 3543 est,

157 3753 175 3806 2
202 3757 332 3822 oeeupent
358 3752 446 3808 ΒῙθΟ1
564 3753 581 3806 5
606 3753 744 3822 duplioata
770 3752 829 3807 BF
942 3753 958 3806 6
984 3753 1177 3822 grastimargia
1202 3751 1233 3804 F

103 3839 298 3906 metrimargia
315 3838 396 3893 B²K¹
499 3837 662 3893 'thouerora
678 3838 732 3894 ΒΟ
833 3837 997 3905 sanquali
1095 3839 1126 3891 ll
1145 3837 1230 3905 negli-

102 3924 215 3996 gentius
241 3924 294 3993 Fss
417 3925 450 3977 12
476 3925 565 3991 guilan
590 3924 656 3980 F'O
775 3923 954 3994 deprimemur
980 3923 1010 3978 F
1036 3923 1230 3992 deprnemimur

102 4013 147 4068 Κ*
260 4010 293 4065 14
319 4009 465 4079 filargiriae
492 4010 545 4066 ΒΟ
578 4009 733 4080 pilargiriae
759 4010 789 4064 F
899 4011 930 4064 15
958 4013 1098 4080 apparatos
1123 4008 1161 4063 Βι

102 4131 210 4185 luxoria
238 4130 307 4185 B¹Z
338 4129 442 4198 luxurie
469 4129 494 4184 O
593 4103 742 4198 filargirine
768 4130 796 4185 B
830 4129 963 4197 filargiria
988 4128 1018 4183 F
1050 4129 1180 4196 filargirio
1209 4128 1232 4184 0

102 4215 259 4285 tilargyriae
285 4215 327 4268 K¹
430 4215 463 4269 16
490 4215 645 4269 oenodoriae
672 4221 753 4283 atque
778 4213 916 4283 superbiae
942 4214 984 4268 B¹
1086 4213 1118 4268 17
1145 4213 1232 4282 adque

103 4303 133 4356 B
239 4302 271 4355 19
293 4299 418 4370 subgerit
437 4300 486 4380 0:¹
502 4302 625 4370 suggerit
641 4302 699 4355 reti.
802 4301 835 4355 21
860 4299 988 4368 mediofi
1089 4301 1123 4353 24
1144 4314 1231 4368 quoue

103 4388 144 4443 B¹
249 4386 284 4440 25
299 4386 464 4443 misteriaO
565 4389 651 4440 somni
669 4386 722 4442 ΒΟ
