3009 5200
293 426 358 498 382
687 425 850 482 Iutuunie
870 425 1028 482 Ceseieui

293 616 426 685 ueniet
464 622 515 698 te,
552 619 583 684 et
618 615 749 686 iterum:
785 614 973 700 preeueui
1012 614 1054 681 iu
1090 616 1346 700 meturitete,
1381 617 1421 682 et

292 719 481 803 olemeui,
503 721 552 787 et:
574 721 870 804 praeuenerunt
891 717 997 785 oouli
1018 717 1095 784 mei
1116 719 1163 784 ed
1184 718 1418 786 diluoulum.

242 829 424 894 ileduooet
446 825 543 891 etium
564 841 621 889 uos
644 821 818 902 et'iuuitet,
840 838 914 889 oum
935 819 1032 889 dioitt
1053 823 1141 888 tote
1163 821 1226 888 die
1248 822 1420 906 expendi

293 938 427 995 menne
455 945 559 994 moes
588 923 633 991 ed
662 925 848 1010 populum
876 942 951 991 nou
981 925 1213 993 credentem
1246 925 1348 992 mihi
1381 927 1418 992 et

292 1031 650 1107 ooutrediuentem,
685 1031 717 1104 et
748 1029 904 1095 innitetur
932 1047 951 1094 e
980 1028 1079 1107 nobie,
1112 1046 1184 1095 oum
1210 1027 1343 1096 dioimus
1370 1029 1452 1095 oizi

293 1135 378 1200 tote
410 1132 472 1200 die
505 1132 677 1217 expendi
709 1147 845 1198 menne
877 1148 982 1198 mene
1011 1131 1058 1197 ed
1088 1134 1137 1198 to.
1173 1133 1314 1216 expeotnt
1348 1149 1418 1210 nou,

292 1254 364 1303 oum
377 1235 496 1303 dieitur
511 1255 565 1320 per
579 1235 780 1320 prophetem
798 1236 1008 1320 propteroa
1029 1238 1213 1319 erpeutet
1236 1233 1418 1303 dominus

295 1341 336 1407 ut
359 1343 596 1406 miserentur
619 1339 764 1418 uestri,
786 1342 819 1404 et
835 1338 1161 1422 expeotetureuobis,
1177 1335 1250 1404 oum
1264 1339 1417 1406 dioimnu:

292 1446 503 1528 expectens
532 1439 740 1526 expecteul
770 1439 988 1519 dominnm,
1019 1443 1057 1507 et
1076 1444 1254 1525 respexit
1274 1459 1346 1522 me,
1370 1445 1417 1507 et:

292 1543 502 1632 expectaui
533 1545 710 1612 seluture
740 1545 851 1611 tunm
876 1544 1040 1612 domine.
1079 1546 1450 1629 eonfortetuos,onm1o

292 1642 383 1716 didit:
406 1652 443 1715 ot
465 1665 533 1734 ego
555 1647 725 1727 erudiui,
752 1652 791 1713 et
812 1645 1036 1714 confortent
1056 1647 1244 1714 treoohie
1265 1667 1415 1716 eorum:

292 1753 332 1820 et
359 1753 401 1818 1n
431 1769 488 1819 me
517 1751 803 1834 cogitauerunt
831 1750 1045 1832 melitium,
1072 1752 1104 1816 et
1125 1753 1163 1815 ut
1183 1755 1307 1817 nosmet
1331 1751 1416 1837 ipsos

294 1855 502 1922 confortemus
531 1856 683 1933 hortetur,
713 1873 784 1921 oum
814 1853 907 1921 diuit:
930 1854 1160 1921 confortato
1181 1874 1317 1922 menos
1341 1857 1416 1923 dis·

242 1959 463 2038 lisoldte's,
487 1961 523 2024 et
545 1977 671 2043 genoe
701 1957 852 2025 debilia
879 1960 1074 2025 roboreto.
1112 1960 1229 2024 olumet
1250 1959 1359 2026 lesus:
1381 1959 1416 2026 si

293 2063 380 2148 quis
414 2061 523 2139 sitit,
558 2063 692 2128 ueniet
721 2061 767 2127 ed
796 2080 854 2125 me
884 2063 923 2127 et
952 2060 1082 2138 tibet,
1113 2059 1229 2127 oiemet
1254 2063 1353 2128 etiem
1375 2061 1447 2130 edo

293 2185 364 2232 eum
386 2166 548 2250 prophete:
571 2163 755 2231 leboruui
785 2166 978 2241 olemeue,
1007 2182 1148 2230 reuoee
1169 2164 1301 2231 feutee
1324 2167 1415 2231 eunt

292 2267 427 2335 sennes
458 2287 575 2335 moue:
606 2269 843 2334 deseoerunt
871 2265 978 2335 oonli
1008 2269 1098 2348 mei,
1129 2267 1217 2334 dum
1238 2277 1353 2352 spero
1375 2269 1412 2334 iu

289 2375 401 2440 deum
432 2389 562 2439 meum.
601 2373 722 2457 quaerit
751 2389 807 2438 uos
836 2371 981 2438 domiuus
1004 2373 1127 2439 dioeue:
1150 2371 1354 2455 quaesiui,
1376 2377 1414 2438 et

291 2495 365 2546 uon
396 2479 481 2542 eret
510 2477 587 2542 uir:
609 2476 764 2554 uoouui,
791 2475 830 2540 et
851 2495 923 2541 nou
946 2477 1030 2540 eret
1052 2476 1118 2557 qui
1140 2477 1413 2560 responderet,

288 2581 452 2664 quaeritur
481 2580 513 2645 et
541 2579 608 2663 ipse
631 2598 650 2646 e
671 2594 783 2663 sponse
809 2577 957 2646 debiliter
979 2580 1199 2663 conquerente:
1221 2578 1261 2645 iu
1283 2575 1446 2646 ouoilie

290 2701 371 2749 meo
391 2685 431 2748 iu
454 2684 643 2751 uoutibus
667 2682 848 2765 quaesiui
870 2702 979 2766 quem
1002 2682 1411 2748 dilexitenimemee:

290 2786 471 2869 queeeiui
501 2804 585 2852 eum
619 2790 659 2850 et
688 2803 763 2851 uon
792 2786 929 2851 inueni
960 2802 1060 2866 eum,
1091 2786 1230 2853 nooeui
1260 2804 1346 2852 eum
1375 2787 1413 2852 et

290 2906 363 2955 nou
385 2889 593 2971 respoudit
616 2888 723 2953 mihi.

332 3006 421 3075 xm.
452 3010 491 3074 lit
520 3010 566 3075 ite
595 3030 715 3092 semper
745 3010 848 3093 gretie
878 3010 927 3076 dei
956 3011 1062 3075 nostro
1092 3010 1125 3074 in
1151 3008 1265 3075 bouem
1287 3014 1409 3094 purtem

289 3116 471 3195 oooperetur
497 3112 626 3178 arbitrio
655 3116 748 3196 etque
778 3116 811 3179 iu
841 3112 985 3178 omuibus
1007 3112 1088 3179 illud
1111 3109 1250 3197 ediuuet,
1273 3114 1441 3199 protegite

392 3314 615 3378 1Pe.118,14'1
700 3312 798 3368 tio
818 3314 867 3370 les
957 3314 1067 3369 anem
1085 3312 1127 3379 10,
1145 3314 1178 3369 21
1270 3314 1350 3371 ore.
1367 3315 1410 3379 81,

290 3398 324 3454 10
409 3400 514 3455 ‘IEsui
533 3400 575 3465 30,
594 3400 627 3455 18
718 3398 892 3466 9111302
985 3402 1019 3456 10
1037 3400 1081 3455 Pe
1099 3401 1158 3467 118,
1178 3401 1228 3457 166
1314 3402 1408 3458 110³.

288 3486 314 3551 ¹1,
334 3486 367 3541 15
469 3486 502 3541 18
531 3484 600 3541 tissi.
624 3484 707 3550 888
809 3485 844 3541 14
869 3484 928 3541 Ioh.
951 3486 977 3553 1,
999 3486 1034 3541 81
1139 3486 1171 3541 16
1197 3484 1241 3542 Pe.
1265 3487 1344 3554 884

289 3572 323 3627 18
340 3571 418 3627 Ceut.
435 3574 495 3639 5,6
597 3573 631 3629 20
648 3570 725 3627 Ceut
743 3572 769 3638 3,
788 3574 803 3626 1
821 3571 917 3639 (Lxx)

341 3760 356 3815 1
382 3760 567 3816 maturitatem
594 3760 672 3813 ΠΨ
775 3762 792 3815 2
815 3760 859 3833 ed]
877 3760 912 3817 ed
929 3764 957 3815 to
978 3762 1089 3818 nuos
1192 3763 1343 3819 deluoulnm
1369 3762 1406 3815 11¹

286 3846 404 3904 diluculo
427 3848 488 3902 H'o
511 3846 592 3920 (πρὸς
609 3844 714 3921 ὄρθρον
736 3846 822 3902 LXX:
853 3865 928 3921 προσ
946 3865 977 3904 σε
995 3854 1119 3921 ορθρουν
1142 3847 1175 3905 8¹
1196 3856 1263 3905 teste
1283 3850 1407 3907 Toeto*

286 3935 389 4002 dorfioe
416 3947 498 4003 quum
523 3934 646 3990 iectionis
671 3936 834 3990 summoue
860 3950 1014 4004 aptarum
1034 3936 1118 3991 tuter
1140 3934 1229 4004 m,
1250 3942 1294 4003 26,
1312 3940 1342 4006 3)

287 4018 373 4075 odie
399 4022 432 4074 deo
458 4020 656 4075 Zeten?
758 4024 891 4090 exspectnt
917 4023 1046 4077 Yeteio
1069 4022 1198 4092 deinoeps
1299 4024 1315 4077 '1
1342 4020 1405 4092 prof.

287 4106 317 4158 Π
419 4104 452 4160 10
474 4109 623 4174 exspectaui
647 4106 707 4160 nu
808 4108 951 4161 solutorem
969 4107 1041 4163 11¹0
1143 4107 1285 4178 eonfortet]
1303 4113 1331 4163 et
1347 4124 1406 4162 oon·

287 4192 371 4247 fortet
389 4192 481 4261 Σ(1)ο
567 4194 597 4246 11
616 4192 727 4247 busohie
744 4194 803 4245 nu
826 4194 957 4248 bonomo
1037 4194 1070 4249 12
1087 4198 1120 4248 ut
1136 4197 1164 4249 et
1180 4195 1209 4247 Σ
1292 4195 1325 4250 10
1340 4192 1403 4264 prof.

287 4277 317 4328 Π
406 4276 439 4331 18
450 4275 573 4330 dominus
584 4277 675 4332 ΜΣ
766 4278 884 4331 noeto
968 4280 1106 4336 oubileH'
1196 4280 1404 4336 mendose

286 4362 345 4433 peip
362 4362 388 4413 Ψ
413 4360 500 4416 XIIII
518 4361 543 4414 Ο
644 4362 679 4418 25
696 4366 818 4433 proteget
833 4366 860 4417 Ῥ
