3009 5200
468 434 626 490 conlatio
651 432 724 499 XVI,
745 433 857 489 20-22
1160 435 1225 503 467

100 626 202 707 potest
222 626 346 708 accipi),
369 643 424 709 per
445 624 504 691 hoc
524 642 647 692 omnem
671 624 796 705 penitus
819 624 997 691 iracundiae
1021 624 1164 689 fomitem
1187 624 1224 687 de

100 728 257 811 profundis
279 729 405 811 cupiens
427 729 548 793 cuimae
570 727 781 810 penetralibus
812 728 975 810 extirpare,
1004 727 1037 791 id
1060 729 1116 805 est,
1141 733 1176 791 ut
1198 728 1225 792 si

99 831 232 897 exterior
253 834 381 897 dextera
401 833 458 897 tua
479 830 622 913 inpetum
644 830 787 895 ferientis
810 832 975 912 exceperit,
998 830 1126 895 interior
1148 848 1224 911 quo-

98 952 157 1015 qne
180 933 275 1000 bomo
295 951 350 1016 per
371 933 562 999 humilitatis
586 933 755 999 adsensum
785 934 946 999 dexteram
969 950 1056 999 suam
1079 932 1225 1015 praebeat

82 1036 333 1116 uuerberandam,
349 1039 530 1119 conpatiens
545 1036 708 1102 exterioris
721 1035 857 1103 bominis
871 1035 1013 1119 passioni
1028 1038 1060 1100 et
1076 1035 1226 1117 quodam·

100 1139 190 1205 modo
224 1141 428 1205 succumbens
472 1141 565 1222 atque
609 1140 764 1205 subiciens
807 1158 899 1205 suum
936 1156 1046 1221 eorpus
1084 1136 1225 1203 ferientis

100 1242 242 1324 iniuriae,
279 1262 319 1308 ne
355 1242 514 1308 exterioris
550 1242 685 1307 bominis
718 1245 809 1308 caedo
842 1242 894 1307 uel
928 1242 1042 1307 tacitus
1075 1240 1160 1306 intra
1192 1259 1225 1306 ea

100 1344 1332 1429 mmwmmwmmMfflwm'

101 1448 236 1515 sectione
258 1449 384 1525 distme,
401 1465 479 1530 queo
494 1447 682 1530 patientiam
697 1448 787 1514 docet
801 1464 861 1513 non
877 1448 991 1527 uerbis,
1014 1447 1067 1513 sed
1082 1446 1226 1513 interiora

70 1551 203 1617 rccordis
238 1550 469 1633 tranquillitate
497 1553 680 1617 seruandam
712 1569 844 1633 eamque
873 1570 892 1618 a
921 1551 1020 1627 nobis,
1052 1568 1124 1617 cum
1152 1548 1227 1633 qnid

101 1656 226 1721 aduersi
250 1655 398 1732 secuerit,
420 1655 469 1719 ita
489 1653 642 1737 praecipit
663 1654 823 1737 custodiri,
847 1658 882 1719 ut
905 1672 966 1721 non
989 1657 1090 1721 solnm
1106 1654 1228 1721 nosmet

100 1758 184 1841 ipsos
206 1758 326 1823 abenos
347 1758 386 1823 ab
408 1757 586 1823 iracundiae
608 1757 841 1838 perturbatione
864 1776 1035 1836 seruemus,
1058 1757 1226 1823 sedetiam

100 1860 172 1925 illos
196 1860 250 1944 qui
272 1879 327 1925 suo
350 1859 487 1926 conmoti
509 1860 584 1925 sunt
606 1860 683 1924 uitio
714 1860 951 1925 succumbentes
973 1860 1097 1926 iniuriis
1121 1878 1227 1927 eorum

100 1964 139 2029 ad
167 1962 384 2047 placiditatem
420 1964 542 2045 expleta
578 1962 680 2029 caedis
717 1962 863 2027 satietate
897 1980 1052 2047 cogamus,
1090 1964 1226 2030 furorem

71 2086 210 2133 aeorum
242 2071 347 2131 nostra
378 2067 508 2132 leuitate
541 2067 710 2131 uincentes.
748 2067 781 2131 et
817 2066 863 2131 ita
896 2066 994 2131 etiam
1024 2066 1227 2149 apostolicum

101 2169 182 2236 illud
198 2170 403 2253 inplebimus:
427 2169 511 2234 noli
533 2168 639 2234 uinci
661 2169 820 2244 amalo,
847 2169 914 2233 sed
937 2170 1051 2234 uince
1073 2169 1226 2235 inbono

101 2274 254 2339 malurn.
290 2275 371 2356 quod
393 2274 432 2338 ab
453 2272 519 2337 illis
540 2272 655 2354 inpleri
676 2291 737 2337 non
761 2290 849 2354 posse
872 2271 1080 2337 certissimum
1104 2274 1151 2338 est
1174 2266 1258 2353 quil

103 2375 156 2440 illo
179 2376 295 2458 spiritu
315 2393 352 2440 ac
375 2379 496 2441 tumore
519 2376 614 2440 uerba
642 2374 783 2439 lenitatis
806 2376 898 2458 atque
922 2374 1112 2441 humilitatis
1135 2376 1225 2439 emit·

103 2480 185 2556 tunt,
208 2478 245 2541 ut
266 2495 327 2542 non
349 2476 449 2542 solum
471 2495 533 2541 non
548 2477 698 2561 mitigent
712 2479 894 2560 conceptum
911 2476 1023 2543 luroris
1040 2478 1225 2561 incendium,

72 2582 155 2647 need
183 2579 285 2666 magis
313 2579 394 2645 illud
421 2584 487 2645 tam
515 2579 548 2646 in
575 2597 630 2644 suo
659 2597 753 2662 quam
784 2582 815 2645 in
844 2580 950 2646 fratris
974 2581 1112 2646 conmoti
1135 2598 1227 2646 sensu

104 2683 222 2750 iaciant
244 2683 445 2768 conflagrare.
482 2683 535 2767 qui
565 2686 678 2763 tamen,
708 2684 836 2750 etiamsi
858 2687 986 2768 possent
1008 2685 1112 2766 aliquo
1136 2687 1225 2750 modo

19 2799 23 2810 ·
104 2788 161 2870 ipsi
199 2789 291 2853 mites
328 2806 364 2852 ae
401 2788 516 2869 placidi
551 2806 745 2873 permanere,
780 2806 837 2854 nec
870 2789 914 2852 sic
946 2787 1072 2872 quidem
1106 2787 1226 2870 aliquos

103 2890 242 2956 iustitiae
265 2891 413 2971 caperent
435 2889 565 2965 fructus,
589 2907 661 2956 cum
683 2891 796 2954 damno
820 2890 952 2972 proximi
974 2890 1145 2973 patientiae
1167 2891 1228 2956 sibi

103 2993 234 3079 gloriam
267 2992 461 3058 uindicantes
494 2997 526 3058 et
559 3011 613 3076 per
646 2991 705 3057 hoc
740 2992 780 3058 ab
810 2993 867 3060 illa
895 2993 1065 3076 apostoliea
1099 2994 1229 3060 caritate

73 3097 288 3163 esomnimodis
314 3096 419 3174 alieni,
447 3113 525 3178 quae
552 3111 624 3160 non
647 3096 804 3178 quaerit
830 3115 927 3178 quae
950 3115 1021 3164 sus
1043 3101 1153 3175 sunt,
1176 3102 1227 3166 sed

104 3217 140 3264 ea
161 3216 242 3281 quae
263 3197 406 3263 aliorum.
443 3216 505 3265 non
527 3198 612 3263 enim
634 3198 682 3262 ita
697 3198 824 3264 diuitias
840 3199 1039 3283 concupiscit,
1056 3203 1091 3265 ut
1106 3201 1228 3266 lucrum

104 3301 163 3368 sibi
197 3302 235 3366 de
268 3302 400 3384 proximi
435 3303 530 3368 iaciat
558 3303 755 3380 detrimento,
789 3320 845 3368 nec
873 3303 1035 3386 adquirere
1064 3305 1228 3388 quicquam

105 3421 175 3469 cum
198 3406 330 3470 alterins
354 3403 510 3470 desiderat
531 3403 684 3469 nuditate.

209 3673 241 3727 16
259 3671 335 3728 Rom.
355 3672 397 3736 12,
416 3672 447 3727 21
551 3671 695 3728 251001.
714 3673 790 3739 leo

155 3932 173 3986 2
199 3929 414 4001 penetrabilibus
442 3931 467 3985 0
578 3937 719 4004 extyrpare
745 3934 776 3986 Π
885 3934 902 3988 3
928 3933 1054 4003 exciperit
1079 3934 1161 3988 Μ’

106 4019 121 4073 'l
140 4033 187 4073 nec
205 4019 231 4069 Τ
309 4017 343 4072 le
358 4033 403 4074 eos
421 4020 447 4072 Y
525 4019 559 4074 14
571 4026 636 4088 post
647 4019 832 4090 placiditatem
845 4019 877 4074 tc
894 4020 924 4071 ll
940 4035 1030 4074 eorum
1045 4019 1161 4076 deletum

107 4104 140 4158 15
160 4105 253 4158 nostre
275 4104 314 4155 Πι
418 4105 451 4159 16
473 4104 539 4159 illut
558 4105 644 4173 Π(Σ)
747 4107 817 4162 illud
835 4107 1012 4176 apostolieum
1030 4109 1072 4162 Tc
1174 4122 1229 4160 mc·

107 4188 162 4242 lum
179 4189 210 4242 in
228 4187 298 4242 bono
315 4191 342 4241 d·
441 4190 475 4242 21
499 4189 614 4259 flagrare
637 4194 665 4244 Σ
694 4193 859 4262 conflagrare
876 4191 977 4247 iaciant
999 4195 1025 4245 Τ
1125 4191 1231 4260 possint

107 4273 169 4325 ΣΠ
275 4274 311 4328 22
335 4275 411 4328 mitis
438 4274 477 4325 11¹
581 4277 638 4346 nec]
660 4293 693 4332 ue
716 4278 747 4330 Π
775 4295 827 4332 non
852 4280 877 4331 Τ
978 4277 1011 4332 27
1038 4276 1231 4333 detrimentum

107 4361 144 4413 11¹
248 4361 283 4415 28
300 4361 453 4415 nuditatem
469 4361 541 4416 11¹0
