3009 5200
464 442 624 498 Conlatio
648 442 752 508 XXIII,
774 444 849 499 2-4.
1155 447 1217 513 643

94 635 223 716 ualde,
245 637 277 699 et
299 634 433 699 iterum:
465 632 655 697 uniuersa
684 649 781 713 quae
811 632 909 717 fecit
938 634 1032 697 deus
1055 634 1154 699 bona
1175 636 1215 701 in

95 742 265 823 tempore
298 740 390 802 suoi
427 736 502 801 baec
533 736 632 816 igitur
664 752 742 816 quac
771 734 803 799 in
833 738 989 816 praesenti
1022 752 1084 800 non
1113 738 1246 805 solum3
1325 774 1328 785 ·

95 845 176 909 bona
203 840 400 923 simpliciter,
431 858 540 903 nerum
569 838 665 902 etiam
692 854 764 901 cum
786 838 997 903 additamento
1021 839 1112 903 ualde
1135 839 1216 907 bona

95 944 336 1027 pronuntiantur
360 944 447 1025 (sont
461 943 542 1006 enim
558 960 679 1005 reuera
699 942 733 1005 in
746 941 805 1005 hoc
820 942 935 1007 mundo
952 945 1214 1011 commorantibus

73 1048 183 1114 anobis
213 1047 330 1113 autad
360 1064 450 1113 usum
478 1045 563 1110 uitae
590 1042 708 1109 autad
731 1045 866 1126 corporis
888 1044 1077 1110 morticinam
1099 1050 1214 1115 autad

94 1154 232 1237 aliquam
262 1168 388 1215 causam
408 1148 534 1231 ignotae
554 1146 643 1212 nobis
665 1147 815 1212 utilitatis
838 1148 1037 1213 adcommoda
1060 1150 1109 1213 nel
1133 1153 1214 1233 certe

92 1260 124 1323 in
147 1275 182 1322 eo
204 1256 300 1320 etiam
321 1252 413 1317 ualde
435 1250 525 1327 bona,
558 1250 639 1332 quod
660 1249 781 1315 faciunt
814 1268 870 1315 nos
896 1251 1130 1317 inuisibilia
1152 1254 1214 1319 dei

96 1376 114 1422 a
136 1354 473 1422 creaturamundi
495 1371 562 1434 per
585 1372 625 1417 ea
647 1371 743 1435 quae
765 1354 985 1419 factasunt
1007 1354 1214 1421 intellecta

94 1460 337 1543 conspicere,
360 1456 644 1539 sempiternam
674 1473 825 1539 quoque
848 1457 1040 1523 uirtutem
1062 1460 1146 1525 eius
1170 1476 1214 1523 ac

62 1562 352 1632 rodininitatem
383 1579 419 1623 ex
448 1560 537 1623 tanta
567 1561 692 1639 tamquo
722 1557 867 1624 ordinata
896 1560 1056 1625 molitione
1079 1560 1213 1627 fabricae

91 1664 259 1731 mundialis
276 1668 308 1728 et
325 1664 465 1727 omniurn
479 1680 557 1744 quae
572 1663 606 1727 in
620 1680 657 1726 ea
671 1666 745 1727 snut
762 1662 967 1729 subsistentia
982 1664 1212 1749 contemplari),

91 1769 169 1834 baec
197 1773 300 1833 tamen
330 1767 434 1831 omnia
463 1784 519 1829 uec
548 1765 621 1829 boni
650 1784 763 1831 nomen
792 1766 957 1845 tenebunt,
984 1768 1011 1831 si
1033 1768 1140 1832 futuro
1162 1768 1212 1833 illi

91 1872 213 1936 saeculo
242 1871 455 1951 conparentur,
486 1868 541 1931 ubi
570 1867 657 1931 nulla
683 1871 833 1934 bonorum
856 1870 1032 1947 inmutatio,
1058 1870 1143 1935 nulia
1166 1873 1214 1936 est

89 1991 184 2037 uerae
220 1971 424 2037 beatitudinis
462 1970 656 2036 formidanda
691 1973 857 2053 corruptio.
903 1973 991 2037 cuius
1026 1973 1134 2037 mundi
1168 1972 1243 2039 ita4

58 2075 251 2142 obeatitudo
281 2074 484 2139 describitur:
515 2074 595 2139 crit
623 2075 691 2139 lux
724 2076 840 2139 lunae
866 2077 974 2140 sicut
1002 2078 1066 2141 lux
1096 2078 1211 2151 solis,

91 2181 132 2243 et
156 2179 336 2243 luxsolis
352 2176 788 2261 septemplicitersicut
810 2178 1036 2259 luxseptem
1052 2180 1211 2245 dierum.

90 2300 207 2365 magna
228 2281 328 2363 igitar
350 2280 424 2346 baec
439 2282 471 2343 et
485 2281 645 2362 praeclara
664 2279 783 2345 intuitu
799 2284 892 2362 atque
908 2282 1038 2345 mirifica
1053 2282 1080 2345 si
1097 2282 1210 2348 futuris

91 2405 125 2450 er
141 2384 202 2450 fide
216 2383 474 2467 promissionibus
489 2383 697 2460 conterantur,
716 2385 862 2449 continuo
877 2386 1001 2449 uanitas
1017 2385 1212 2467 apparebunt

88 2490 214 2553 dicente
236 2488 357 2553 Dauid:
380 2488 504 2551 omnia
526 2490 629 2551 sicut
652 2487 1211 2553 uestimentumucterescent.

57 2596 128 2660 scot
160 2590 268 2656 sicut
296 2590 540 2672 opertorium
569 2591 741 2655 mutabis
771 2610 829 2667 ea,
863 2592 899 2655 et
933 2588 1210 2656 mutabuntur:

91 2700 136 2759 tu
168 2697 298 2760 autern
325 2693 429 2756 idem
457 2693 542 2774 ipse
565 2710 619 2769 es,
649 2695 692 2755 et·
711 2691 805 2757 anni
827 2693 887 2756 tui
911 2712 985 2757 non
1007 2693 1210 2758 deficient.

87 2817 163 2882 ergo
185 2797 260 2880 qnia
280 2796 360 2862 nibil
382 2799 428 2861 est
452 2797 753 2878 persemetipsum
776 2795 898 2876 stabile,
921 2796 1001 2860 nibil
1016 2793 1211 2876 inmutabile,

87 2902 168 2968 nibil
198 2902 313 2966 bonum
343 2898 405 2963 nisi
437 2898 537 2962 deitas
558 2899 636 2978 sola,
658 2899 759 2963 omnis
783 2916 855 2963 uero
878 2903 1029 2983 creatura,
1051 2903 1087 2964 ut
1108 2899 1210 2966 beati·

87 3004 232 3071 tudinem
261 3000 455 3067 aeternitatis
486 3001 537 3066 uel
565 3001 828 3068 inmutabilitatis
857 3002 1027 3081 obtineant,
1062 3021 1123 3068 non
1149 3003 1208 3067 boc

55 3140 79 3180 ιι
86 3127 143 3190 per
173 3126 262 3172 suam
292 3108 446 3182 naturam,
466 3109 519 3170 sed
547 3124 602 3187 per
632 3107 779 3170 creatoris
809 3108 856 3172 sni
880 3105 1156 3189 participationem
1179 3107 1211 3171 et

87 3211 224 3296 gratiam
253 3211 493 3292 consequuntur,
521 3210 627 3274 tenere
655 3209 805 3274 meritum
827 3209 977 3274 bonitatis
1000 3208 1131 3274 creatori
1153 3225 1210 3272 sno

87 3316 213 3380 conlata
234 3331 295 3378 non
317 3315 457 3396 possunt

32 3452 35 3459 ·
128 3433 205 3498 IIII.
230 3431 348 3511 Quodsi
369 3431 464 3496 etiarn
487 3431 753 3496 manifestioribus
783 3431 883 3497 adhuc
905 3430 1095 3496 testimoniis
1118 3430 1210 3493 buius

87 3536 264 3602 sententiae
285 3534 441 3600 rationem
462 3535 653 3599 uoluerimus
682 3534 854 3614 adstruere,
884 3551 985 3598 nonne
1016 3551 1085 3598 oum
1108 3531 1211 3596 multa

54 3639 282 3723 spreruntiari
310 3641 392 3704 bona
420 3637 454 3702 in
484 3636 646 3721 euangelio
677 3636 855 3718 legerimus,
882 3638 914 3700 et
934 3635 1076 3700 arborem
1098 3635 1210 3698 bonam

193 3843 207 3894 1
227 3841 279 3893 Sir.
296 3840 339 3904 30,
359 3841 391 3894 16
409 3837 504 3907 (Lxx)
603 3838 619 3890 ‘1
638 3837 713 3890 Rom
733 3839 757 3900 1,
775 3838 809 3891 20
907 3837 940 3890 15
959 3837 1027 3890 Esa'n
1047 3837 1091 3904 30,
1109 3838 1142 3890 26

88 3929 120 3982 10
139 3927 185 3981 Ps.
205 3925 263 3990 101,
281 3925 383 3979 21-28

138 4111 252 4168 bnobis
269 4116 301 4167 ut
319 4111 359 4165 K¹
389 4109 467 4164 nobis
484 4111 524 4166 ait
541 4110 578 4163 Ζι
680 4109 920 4166 badconmodaO
1022 4111 1210 4179 boonspiccre

87 4199 158 4253 ctO
246 4199 276 4251 11
295 4197 384 4250 omnia
399 4195 431 4250 F
516 4185 548 4250 18
565 4195 815 4264 repromissionibus
831 4195 908 4265 O²lic
994 4195 1210 4264 uespertinum

86 4286 125 4339 Βι
228 4283 263 4338 23
286 4298 377 4335 omncs
402 4298 464 4336 uero
481 4284 618 4336 creaturae
644 4281 710 4351 Orio
812 4281 846 4336 26
869 4282 1044 4334 consecuntur
1070 4279 1093 4335 0
1121 4296 1210 4334 eonsc-

88 4367 240 4440 quentnrss
340 4367 373 4422 ab
394 4367 516 4422 conlatae
532 4367 616 4436 Rus)

1050 4469 1106 4523 ιι*
1136 4431 1138 4436 ’
