3009 5200
271 440 309 504 12
658 435 822 490 Iohannis
840 435 996 491 Cassiani

269 627 476 692 emolumento
505 625 657 709 conpellet
685 625 814 703 effundi,
845 624 1020 691 sedetiam
1048 625 1252 710 cogitationes
1283 644 1402 690 omnes

271 729 409 795 diuersas
431 730 550 812 sibique
572 728 743 794 contrarias
765 727 940 793 suscitabit.
977 746 1103 794 necesse
1125 733 1174 793 est
1195 730 1279 794 enim
1303 748 1401 793 meu-

267 835 332 898 tem
355 851 415 914 quo
436 833 575 898 recurrat
597 834 685 898 cuiue
713 831 927 915 principaliter
953 829 1114 897 inhaereat
1135 850 1197 896 uon
1219 833 1402 898 habentem

267 955 321 1017 per
343 938 482 1021 singulas
504 937 593 1002 boras
615 939 708 1017 atque
741 936 901 1000 momenta
932 953 988 1018 pro
1019 936 1200 1000 incursuum
1234 935 1402 1000 uarietate

267 1039 383 1104 mutari
404 1043 496 1121 atque
523 1058 559 1103 er
580 1040 628 1102 bis
645 1057 723 1121 quae
738 1039 930 1104 extrinsecus
947 1038 1098 1102 accedunt
1113 1039 1147 1102 in
1162 1039 1253 1104 illum
1268 1043 1401 1104 statum
1424 1067 1437 1106 r

266 1143 414 1208 continuo
438 1143 652 1208 transformari
673 1142 728 1224 qui
750 1141 813 1206 sibi
834 1143 952 1225 primus
974 1142 1150 1206 occurrerit.

309 1264 363 1330 VI.
387 1263 469 1329 Hinc
490 1283 623 1346 namque
645 1268 692 1328 est
714 1267 794 1346 quod
816 1264 980 1328 nonnullos
1005 1264 1114 1328 muudi
1128 1262 1221 1328 huius
1237 1263 1400 1327 maximas

265 1366 431 1434 facultates
460 1372 490 1432 et
518 1386 576 1432 uon
608 1366 709 1430 solum
743 1365 846 1431 multa
872 1368 941 1431 auri
974 1366 1068 1447 atque
1100 1365 1222 1448 argenti
1255 1366 1397 1443 talenta,

265 1489 373 1536 uerum
403 1473 499 1536 etiam
527 1471 722 1554 praediorum
749 1469 1016 1550 magnificentiam
1050 1469 1285 1534 contemnentes
1322 1473 1399 1550 post

264 1573 342 1639 baec
363 1575 499 1640 uidimus
522 1591 577 1654 pro
599 1572 757 1655 scalpello,
779 1591 833 1653 pro
855 1571 994 1655 graphio,
1021 1589 1075 1653 pro
1098 1590 1165 1656 acu,
1188 1591 1243 1656 pro
1265 1575 1397 1638 calamo
1407 1601 1434 1640 ιο

264 1679 459 1742 commoneri.
482 1678 535 1759 qui
550 1677 578 1740 si
593 1676 887 1757 contemplationem
898 1677 999 1740 cordis
1010 1675 1118 1740 muudi
1128 1675 1219 1740 liram
1232 1679 1395 1754 tenerent,

264 1797 435 1861 numquam
463 1779 571 1861 utique
598 1798 653 1861 pro
680 1779 787 1862 paruis
815 1777 907 1842 rebus
929 1779 1141 1856 admitterent,
1165 1779 1247 1860 quod
1269 1798 1310 1843 ne
1335 1799 1394 1862 pro

264 1883 386 1964 magnis
407 1901 442 1947 ao
464 1883 606 1963 pretiosis
628 1881 824 1946 incurrerent
846 1883 963 1962 opibus,
988 1881 1110 1946 easdem
1125 1883 1249 1964 penitus
1264 1883 1395 1948 abicere

233 1984 451 2055 2maluerunt.
489 1988 620 2049 namet
647 1985 830 2066 plerumque
860 1984 1003 2049 nonnulli
1030 1987 1119 2050 tanto
1151 1985 1216 2049 zelo
1244 1986 1393 2050 codicem

265 2091 400 2172 seruant,
425 2088 461 2153 ut
483 2106 554 2152 eum
575 2105 614 2152 ne
637 2087 750 2152 leuiter
772 2087 897 2169 quidem
919 2087 982 2170 legi
1003 2088 1054 2153 uel
1075 2090 1210 2172 contingi
1224 2090 1264 2154 ab
1279 2089 1431 2171 aliquos

263 2193 377 2268 sinaut,
409 2194 441 2256 et
468 2190 538 2256 iude
568 2190 741 2256 occasiones
769 2191 975 2272 inpatientiae
1004 2208 1042 2255 ao
1068 2192 1177 2255 mortis
1205 2191 1390 2271 incurrunt,

262 2294 343 2360 unde
377 2296 542 2359 monentur
578 2293 732 2375 stipendia
767 2294 936 2375 patientiae
969 2295 1002 2358 et
1032 2294 1172 2359 caritatis
1208 2295 1391 2375 adquirere,

262 2417 393 2481 cumque
422 2415 527 2463 omnes
555 2397 683 2462 diuitias
711 2415 783 2462 suas
810 2416 863 2478 pro
892 2396 1011 2460 Christi
1040 2415 1143 2461 amore
1171 2395 1388 2479 disperserint,

260 2501 428 2583 pristinum
444 2503 549 2564 tamen
565 2499 665 2565 cordis
680 2499 827 2564 affectum
842 2503 873 2563 iu
888 2498 980 2562 rebus
995 2499 1134 2564 minimis
1146 2501 1338 2565 retentantes
1355 2502 1392 2563 et

261 2626 315 2689 pro
327 2606 402 2687 ipsis
414 2623 644 2687 nonnumquam
653 2604 813 2669 mobiliter
823 2605 998 2683 irascentes,
1013 2605 1109 2667 ueluti
1115 2604 1168 2684 qni
1177 2621 1237 2667 non
1246 2602 1425 2669 habeantne

260 2710 459 2790 apostolicam
482 2709 655 2789 caritatem,
678 2726 714 2771 ex
736 2706 879 2772 omnibus
901 2706 1085 2771 infructuosi
1106 2705 1289 2787 sterilesque
1311 2708 1387 2772 red-

261 2811 388 2877 duntur.
426 2813 506 2893 quod
539 2810 572 2874 in
604 2810 718 2893 spiritu
750 2809 861 2873 beatus
889 2809 1044 2890 apostolus
1072 2808 1255 2889 praeuidens
1282 2811 1321 2871 et
1351 2808 1387 2873 si

261 2912 520 2990 distribuero,
542 2914 654 2995 inquit,
677 2913 716 2976 in
739 2912 849 2980 cibos
870 2930 1083 2995 pauperum
1104 2929 1234 2976 omnes
1256 2912 1386 2976 facul-

260 3016 364 3080 tates
393 3034 493 3081 meas
521 3021 557 3081 et
587 3016 794 3082 tradidero
822 3033 963 3097 corpus
990 3033 1111 3079 meum
1139 3017 1182 3078 ut
1206 3016 1383 3091 ardeam,

260 3118 468 3183 caritatem
500 3123 628 3183 autem
659 3136 730 3183 non
758 3118 945 3196 habuero,
968 3118 1071 3183 nibil
1094 3117 1189 3181 mibi
1210 3117 1421 3197 prodeatis

230 3220 340 3287 3unde
373 3220 489 3301 bquido
523 3222 725 3302 conprobatur
758 3220 978 3302 perfectionem
1007 3237 1067 3283 non
1095 3220 1205 3285 statim
1238 3219 1383 3285 uudimte

259 3340 316 3387 nec
342 3322 516 3403 priuatione
538 3326 677 3389 omnium
698 3323 884 3389 facultatum
911 3340 965 3387 sou
993 3322 1183 3405 dignitatum
1205 3323 1381 3387 abiectione

261 3424 410 3508 oontingi,
439 3427 498 3491 nisi
527 3425 623 3489 fuerit
654 3426 767 3491 caritas
794 3425 850 3490 illa
872 3425 959 3489 ouius
981 3425 1138 3506 apostolus
1161 3424 1303 3488 membra
1323 3425 1379 3488 de-

259 3527 377 3606 scribit,
407 3546 484 3609 quae
513 3527 547 3591 in
575 3528 639 3592 sola
662 3529 762 3593 cordis
785 3528 924 3609 puritate
946 3527 1099 3592 consistit.
1137 3545 1210 3592 nam
1232 3526 1306 3608 quid
1328 3529 1380 3591 est

358 3738 391 3793 22
410 3738 424 3793 Ι
442 3738 503 3793 Cor.
524 3740 564 3805 13,
582 3742 598 3794 3
700 3742 734 3795 28
752 3741 785 3793 cf.
804 3740 819 3795 1
837 3740 956 3814 Corqld,
975 3739 1059 3809 4sqq.

309 3935 322 3988 1
347 3934 523 3990 emolumento
544 3936 584 3989 D¹
710 3937 834 4005 5adque
856 3938 898 3991 D¹
1017 3936 1147 3992 accedunt
1166 3938 1220 3992 12¹:
1249 3938 1378 3993 accidunt

254 4018 379 4075 D‘WX
481 4021 495 4074 l
523 4022 658 4076 nonnullis
679 4023 721 4076 D¹
824 4024 858 4077 10
883 4021 1006 4077 uidemus
1027 4024 1068 4078 D¹
1169 4024 1255 4093 grafio
1277 4023 1308 4077 X

256 4107 288 4160 11
306 4106 359 4161 lira
375 4106 405 4160 D
507 4108 541 4161 14
565 4109 727 4163 mallueruut
748 4109 787 4164 W
888 4110 920 4163 15
942 4125 990 4163 nec
1010 4110 1054 4163 D*
1157 4110 1191 4163 16
1213 4112 1376 4165 camdenus

258 4192 297 4247 W
408 4193 546 4248 incurrant
570 4194 612 4248 X¹
728 4195 764 4248 20
785 4195 829 4249 uel
851 4196 920 4263 utiq;
943 4211 997 4249 non
1018 4196 1048 4250 D
1160 4196 1192 4249 21
1218 4197 1375 4266 sterelieque

260 4276 308 4331 W¹
409 4278 554 4335 reddantur
576 4280 614 4335 W
713 4280 748 4333 23
771 4280 865 4348 inquid
880 4280 957 4337 DW
1056 4282 1090 4336 24
1110 4282 1248 4337 tradedero
1263 4283 1306 4337 D¹

255 4363 288 4417 27
306 4363 466 4435 dignitatem
486 4366 527 4419 D²
630 4366 663 4421 28
681 4364 805 4421 discribit
826 4367 865 4422 W
963 4366 1160 4437 aequitatem
1177 4368 1219 4423 1)ι
