3009 5200
499 444 657 501 Conlatio
682 444 770 508 XVII,
788 446 831 499 20.
1164 448 1230 514 483

100 637 368 703 aemnlatores
405 638 501 702 suut
533 637 646 721 legis.
693 635 1078 704 andieruntantem
1112 636 1156 700 de
1188 636 1230 701 ta

102 740 193 823 quia
224 739 510 807 discessionem
545 743 682 806 doceas
708 760 726 805 a
748 740 874 824 Moysi
905 757 1035 804 eorum
1066 740 1135 822 qui
1162 758 1230 822 per

101 844 245 926 gentes
280 846 373 908 sunt
406 842 655 921 Iudaeorum,
694 841 837 909 dicens
867 862 942 909 non
981 844 1126 909 debere
1164 862 1229 909 eos

103 947 395 1011 oireumoidero
418 945 532 1011 filios
555 965 663 1025 suos,
687 947 830 1012 etiufra:
852 946 922 1012 hoe
944 947 1112 1030 ergoiao
1128 947 1228 1031 qnod

81 1049 178 1114 stibi
224 1048 401 1114 didimus.
450 1050 543 1113 sunt
586 1049 697 1114 nobis
741 1050 824 1114 uiri
864 1050 1052 1131 quattuor
1093 1056 1228 1113 uotum

100 1152 287 1217 habentes
310 1170 425 1234 anper
447 1170 499 1216 se:
523 1150 583 1215 his
605 1152 834 1234 adsumptis
856 1151 1128 1217 sanctificate
1144 1170 1228 1217 eum

99 1254 205 1341 iliis,
243 1258 279 1319 ot
316 1255 484 1337 inpendo
528 1254 568 1318 iu
612 1253 702 1319 iliis
739 1257 781 1318 ut
817 1254 962 1320 radant
1006 1254 1154 1337 eapite,
1192 1258 1229 1319 et

100 1360 229 1427 soient
252 1376 380 1422 omues
403 1356 585 1440 qnoniam
610 1374 651 1421 ea
673 1358 880 1439 quaedete
896 1358 1108 1422 audierunt
1124 1358 1229 1423 falsa

100 1468 209 1543 sunt,
237 1460 303 1527 sed
334 1463 512 1527 ambulas
535 1466 571 1525 et
594 1461 677 1549 ipsa
706 1461 934 1526 custodiens
957 1460 1090 1542 legem.
1129 1462 1160 1525 et
1181 1458 1262 1525 itud

68 1586 155 1651 repro
179 1566 305 1631 illorum
328 1564 381 1648 qui
405 1566 463 1630 sub
486 1565 554 1649 lege
573 1564 664 1629 erant
678 1565 781 1629 salute
795 1564 885 1629 illam
901 1564 1058 1647 paulisper
1074 1560 1228 1628 distriati-

100 1690 193 1735 onem
221 1670 392 1734 sententiae
421 1684 494 1732 suaa
525 1666 647 1731 oateaus
680 1686 740 1750 qua
769 1667 906 1732 dixerat:
937 1666 1128 1751 egoenim
1160 1683 1229 1747 per

100 1773 226 1856 legem
256 1771 335 1856 legi
365 1772 541 1837 mortuus
565 1790 645 1837 sum
667 1777 710 1836 ut
734 1771 801 1836 deo
822 1771 970 1853 uiuam,
994 1771 1088 1853 eaput
1110 1768 1228 1844 radere,

100 1873 261 1956 purificari
284 1870 452 1937 seeundum
475 1871 578 1955 legem
595 1874 689 1953 atque
711 1872 877 1957 intemplo
902 1868 1060 1955 Moysaieo
1075 1872 1140 1937 ritu
1155 1875 1230 1937 uota

100 1976 212 2042 offerre
242 1974 439 2059 oonpellitur.
477 1992 607 2058 quaeres
638 1976 733 2039 etiarn
764 1974 818 2041 ubi
840 1994 896 2060 pro
919 1977 1022 2040 salute
1045 1994 1150 2040 sorum
1175 1976 1229 2058 qui

68 2080 203 2161 relegam
227 2078 276 2143 dei
299 2080 422 2161 penitus
444 2077 642 2160 ignorabant,
670 2082 831 2161 tamquam
855 2080 887 2143 et
902 2077 967 2160 ipse
983 2078 1050 2144 sine
1065 2078 1134 2161 iege
1150 2080 1229 2142 asset

101 2182 230 2247 effeetus
261 2180 328 2245 siit
357 2182 437 2265 iege,
460 2180 494 2245 iu
518 2180 702 2247 Atheniensi
724 2180 812 2263 urbs,
834 2182 890 2247 ubi
912 2181 1078 2266 gentilium
1100 2181 1229 2264 uigebat

100 2285 247 2368 inpietas,
279 2302 339 2367 quo
370 2302 444 2349 usus
468 2287 510 2349 sit
532 2283 771 2369 praedieationis
794 2284 932 2350 exordio:
963 2286 1228 2368 praeteriens,

99 2388 215 2471 inquit,
238 2386 321 2453 uidi
343 2387 562 2453 simulacra
591 2389 730 2453 uestra
752 2392 789 2452 st
818 2406 924 2454 aram
948 2389 985 2453 iu
1009 2406 1081 2470 qua
1103 2387 1228 2470 serip-

100 2492 180 2557 tum
215 2492 312 2556 erat:
345 2491 481 2575 ignoto
516 2488 594 2556 deo.
630 2510 764 2574 eumque
794 2492 832 2557 de
865 2508 971 2557 eorum
1005 2490 1258 2573 superstitione?

66 2596 215 2661 afuisset
245 2594 374 2673 orditus,
405 2600 564 2678 tamquam
595 2594 623 2663 si
653 2601 684 2662 et
713 2595 781 2681 ipss
811 2594 927 2679 absque
954 2594 1026 2679 iege
1055 2595 1146 2669 esset,
1170 2594 1227 2659 sub

102 2701 261 2765 occasions
293 2699 416 2783 profani
449 2699 536 2764 illins
569 2701 656 2765 tituli
690 2699 784 2764 iidem
818 2695 934 2765 Christi
965 2696 1077 2763 intulit
1105 2697 1225 2764 dicens:

99 2805 198 2885 quod
224 2820 317 2886 ergo
340 2804 573 2886 ignorantes
597 2822 663 2870 uos
686 2804 841 2879 nolitis,
865 2799 1229 2886 hooegoaduuntio

101 2906 225 2970 uobis.
264 2907 296 2970 et
327 2911 398 2987 post
427 2924 536 2988 pausa
567 2907 655 2972 uelut
685 2907 711 2972 si
743 2905 867 2971 diuinae
897 2905 975 2990 legis
1000 2904 1125 2988 penitus
1147 2906 1229 2969 esset

101 3007 243 3092 ignarus,
265 3009 394 3092 gentilis
416 3009 526 3090 poetes
552 3029 678 3074 uersum
694 3011 798 3092 potius
814 3027 907 3091 quam
924 3009 1026 3093 Moysi
1042 3012 1097 3073 aut
1113 3005 1227 3073 Christi

66 3111 216 3176 „meluit
253 3107 390 3194 proferro
426 3111 612 3176 seutentiam
648 3116 685 3176 et
721 3112 827 3177 sicut
863 3110 1035 3194 quidam,
1073 3110 1227 3194 inquiens,

99 3215 324 3278 uestrorum
369 3217 572 3295 poetarum
617 3214 819 3279 dixerunt:
873 3216 1001 3298 ipsius
1046 3216 1145 3279 enim
1191 3218 1229 3278 et

203 3397 256 3453 41.
275 3415 295 3453 o.
314 3399 417 3454 23-24
492 3401 522 3454 11
542 3399 601 3454 Gal.
620 3401 693 3466 219
766 3401 797 3455 17
815 3401 875 3456 Aet.
896 3400 983 3465 ¹223
1050 3399 1120 3454 221.
1138 3416 1159 3453 e.

100 3484 266 3541 atam

152 3639 798 3712 amonim:mostzn¹01moysen²n
861 3640 1039 3698 4iaosress¹
1126 3611 1228 3693 adiit·

100 3741 161 3778 mus
178 3724 209 3776 Π
304 3725 465 3779 dossumtis
484 3726 512 3776 Σ
540 3728 684 3795 assumptis
704 3728 729 3778 Y
756 3726 889 3780 adsumtis
907 3725 933 3778 0
1036 3726 1098 3779 ist
1116 3724 1229 3793 iupande

98 3845 198 3900 initiis
215 3861 266 3900 om.
284 3847 333 3897 ΣΙ
398 3846 425 3899 in
445 3863 494 3902 om.
513 3846 543 3897 Π
627 3819 748 3932 δεοίξητ
765 3848 796 3898 Π
879 3845 1055 3901 {inambulans
1073 3845 1161 3898 ΣῬΟ

102 3947 135 4003 10
159 3946 357 4002 destrictioueru
380 3950 408 4000 Σ
512 3947 545 4002 12
568 3948 675 4003 domino
698 3952 723 4002 ‘P
824 3949 857 4004 13
881 3951 1013 4019 moysaico
1030 3949 1084 4001 11²:
1114 3948 1229 4002 mosaico

101 4033 203 4086 >nnn
227 4033 386 4103 mosaycoO
472 4033 505 4087 14
518 4035 623 4103 quaeris
636 4037 680 4089 Yo
770 4036 803 4090 15
815 4035 957 4089 dominiZ
1046 4035 1079 4089 16
1091 4034 1129 4088 sit
1140 4035 1229 4088 onaO

100 4120 139 4172 sit
157 4121 215 4172 eine
233 4119 294 4188 lege
311 4120 341 4172 iu
361 4121 386 4170 Τ
479 4123 595 4188 uegebat
611 4119 649 4172 ΠΙ
751 4122 782 4175 17
797 4126 861 4190 post
878 4121 1003 4188 impietas
1021 4121 1148 4174 additam
1166 4120 1229 4183 uide

101 4219 169 4258 am.
188 4208 209 4258 2
225 4207 258 4258 ia
281 4207 306 4256 ‘P
407 4206 440 4259 18
463 4205 557 4275 inquid
584 4206 669 4258 HYO
773 4207 808 4261 20
831 4207 938 4277 fuisset}
962 4223 1107 4260 sermonem
1132 4205 1229 4260 fuisset

100 4291 207 4344 Hi'Oo
293 4291 459 4344 exorsusOr
553 4292 621 4346 aaut
635 4305 685 4345 om.
699 4291 764 4344 n0¹
857 4295 988 4346 essetom.
1002 4293 1028 4344 Y
1111 4292 1146 4347 24
1164 4309 1229 4361 gan·

100 4379 162 4431 tiles
181 4375 218 4428 11¹
323 4379 389 4431 mosi
408 4377 490 4432 '1³¹0'
594 4377 764 4432 terrestrum
784 4380 871 4432 HYO

1086 4483 1143 4536 31*
