3009 5200
471 437 630 494 sonuere
648 436 702 502 111,
722 437 831 494 ro-u.
1173 439 1215 504 83

67 624 277 706 despicimus,
312 626 472 691 intuentes
498 625 658 692 dumtaxat
681 627 853 693 seeundum
877 627 1053 710 apostolum
1074 645 1147 692 non
1168 646 1213 692 ee

66 748 161 811 quae
195 730 402 796 uidentur
430 730 495 796 sed
525 748 621 812 queo
652 747 725 794 nou
755 730 957 796 uidentur:
989 748 1086 813 quae
1109 728 1213 794 enim

67 833 283 913 uidentur,
306 833 547 917 temporalia
576 834 684 910 suut,
715 851 811 914 quae
832 836 961 898 autem
983 852 1056 897 nou
1079 832 1213 898 uideu-

67 950 142 1010 rur,
179 943 381 1014 aeterua,
414 940 450 1003 ut
481 939 527 1002 ita
560 936 686 1002 demam
720 937 799 1001 illud
830 955 1010 1019 supremum
1037 954 1212 1000 mereamur

50 1039 174 1104 erudire
191 1041 288 1122 quod
305 1042 423 1107 dieitur
437 1041 477 1106 ed
492 1042 665 1108 Abraham:
682 1039 719 1104 et
741 1039 831 1104 ueui
852 1038 894 1104 iu
914 1041 1075 1117 terram,
1099 1055 1213 1119 quam

67 1142 142 1206 titi
179 1147 480 1212 monstrauero.
520 1163 574 1228 per
606 1144 688 1225 quod
722 1143 880 1208 euidenter
913 1140 1097 1220 ostenditur,
1131 1140 1244 1223 quod5

67 1246 122 1310 nisi
145 1247 231 1327 quis
255 1253 323 1312 tres
346 1248 517 1329 superiores
539 1247 611 1314 illas
634 1245 920 1312 abrenuntiationes
942 1245 1028 1309 omui
1043 1242 1212 1326 inpleuerit

66 1351 182 1412 ruentis
225 1350 353 1427 ardore,
383 1350 422 1414 ad
449 1350 597 1432 quartum
627 1348 685 1414 hoo
714 1348 875 1431 peruenire
905 1365 965 1413 uon
994 1347 1102 1430 possit,
1131 1348 1212 1431 quod

67 1453 345 1518 remunerationis
368 1470 404 1520 ae
425 1451 557 1534 praemii
588 1451 656 1516 uioe
678 1451 813 1532 perfeeto
836 1449 1029 1515 renuntianti
1052 1447 1211 1525 tribuitur,

42 1564 100 1618 rut
120 1557 254 1620 terram
280 1555 527 1638 repromissionis
549 1557 705 1620 mereatur
726 1553 846 1618 intrare
861 1571 1056 1636 nequaquam
1072 1553 1130 1616 sibi
1146 1551 1210 1616 iam

69 1657 229 1724 uitiorum
245 1659 354 1742 spinos
368 1677 405 1724 ae
417 1658 549 1726 tribulos
560 1657 807 1740 germinantem:
824 1675 903 1740 quae
915 1659 987 1739 post
998 1655 1212 1738 expulsionem

68 1762 262 1841 passionum
286 1766 468 1828 onustarum
491 1762 627 1844 puritate
647 1761 746 1828 cordis
761 1762 793 1825 iu
809 1761 867 1826 hoo
883 1778 1009 1844 eorpore
1023 1759 1210 1842 possidetur,

68 1883 161 1946 quam
195 1882 265 1930 nou
296 1865 397 1930 uirtus
424 1865 475 1930 uel
501 1864 657 1930 industria
684 1863 863 1940 laborantis,
894 1863 948 1929 sed
980 1861 1047 1944 ipse
1068 1862 1211 1928 dominus

69 1973 282 2034 ostensurum
304 1987 338 2034 se
359 1987 424 2034 esse
445 1967 604 2051 promittit
621 1969 660 2032 et
674 1967 783 2044 ueni,
809 1966 962 2050 inquiens,
986 1965 1025 2029 iu
1048 1965 1209 2044 terram,

44 2089 186 2152 squam
219 2071 306 2137 tibi
333 2075 620 2136 monstrauero.
657 2088 711 2152 per
746 2069 828 2152 quod
860 2068 1025 2134 manifeste
1058 2067 1240 2150 probatore

71 2177 100 2239 et
120 2175 264 2240 initium
287 2173 398 2240 salutis
420 2174 543 2243 noemae
570 2171 690 2239 domini
712 2173 877 2238 uooatione
900 2171 967 2236 fieri
982 2170 1133 2236 dicentis:
1149 2171 1211 2234 exi

72 2279 113 2344 de
141 2281 265 2344 terra
292 2279 373 2353 tua,
403 2279 435 2341 et
457 2277 754 2342 eonsummationem
781 2273 980 2358 perfeetionis
1001 2293 1039 2338 ae
1059 2273 1208 2357 puritatis

73 2383 109 2446 sb
136 2381 256 2446 eodem
286 2379 434 2445 similiter
463 2379 572 2458 tribui,
599 2399 671 2444 euru
694 2378 787 2445 dicit:
811 2383 849 2444 et
871 2379 962 2442 ueni
984 2379 1022 2442 iu
1044 2380 1208 2460 terram,

73 2504 184 2566 quam
217 2484 304 2550 tibi
332 2486 625 2564 monstrauero,
654 2482 687 2546 id
714 2483 763 2546 est
790 2499 969 2564 nonquam
991 2481 1027 2545 tu
1049 2500 1084 2544 ox
1108 2482 1206 2546 temet

45 2587 138 2671 eipso
170 2606 269 2653 nosse
298 2586 349 2651 uel
376 2586 528 2653 industrie
549 2587 606 2653 tua
634 2585 742 2651 uuluae
763 2585 931 2670 repperire,
953 2585 1009 2649 sed
1032 2603 1126 2667 quam
1150 2602 1207 2667 ego

28 2740 29 2745 η
73 2691 131 2755 tibi
154 2709 220 2757 non
237 2690 339 2757 solum
357 2690 522 2773 ignoranti,
539 2689 705 2755 sedetiam
721 2706 782 2753 non
799 2688 968 2771 inquirenti
983 2689 1205 2753 monstrarem.

74 2814 108 2859 ex
129 2810 194 2875 qno
217 2792 386 2859 manifeste
416 2792 585 2876 colligitur,
616 2793 697 2873 quod
721 2794 982 2875 quemadmodum
1002 2790 1207 2873 inspiratione

73 2896 195 2963 domini
217 2897 379 2979 prouocati
402 2897 440 2961 ad
462 2897 546 2961 uiam
568 2894 681 2961 salutis
704 2894 906 2973 adourrimus,
930 2893 977 2958 ita
992 2894 1086 2958 etiam
1103 2894 1204 2977 magi·

73 3001 167 3067 sterio
191 2999 296 3081 ipsius
319 2998 351 3063 et
373 2998 613 3065 inluminatione
635 2997 761 3064 deducti
775 3000 815 3065 ad
830 2996 1051 3083 perfectionem
1066 3014 1206 3067 summae

46 3100 289 3174 ebeetituolinis
306 3101 514 3183 perueuimus.

114 3224 173 3287 XI.
203 3240 410 3290 mersus:
438 3223 476 3288 lu
503 3242 563 3305 que
591 3240 663 3305 erge
695 3222 830 3289 libemm
863 3218 1007 3287 consistit
1037 3221 1205 3290 arbitrium

75 3329 262 3408 nostraeque
284 3330 365 3408 quod
386 3326 560 3392 laudabiles
581 3344 689 3391 sumus
705 3327 868 3407 reputatur
882 3324 1066 3402 industriae,
1082 3327 1112 3390 si
1126 3325 1202 3396 deus

76 3426 227 3493 inuobie
258 3430 365 3495 omniu
397 3446 474 3513 quae
505 3429 544 3495 ad
572 3430 710 3495 nostrum
738 3428 959 3511 perientiouem
982 3426 1143 3510 pertinent
1171 3431 1204 3493 et

75 3531 188 3615 insipit
209 3534 246 3597 et
266 3536 482 3598 consummat?

178 3714 415 3781 lucorum
517 3714 712 3779 desulul
815 3715 927 3776 leuc.

126 3888 139 3938 1
160 3885 257 3954 dispie.
276 3886 304 3940 P
330 3883 505 3954 despiciemus
524 3902 540 3941 e
641 3886 659 3939 4
677 3888 787 3939 aeterne
804 3888 868 3939 eunt
885 3886 977 3942 9¹01>
1072 3888 1088 3941 5
1106 3886 1203 3942 habra-

78 3966 136 4023 ham
158 3970 226 4025 WP
318 3976 383 4040 poet
399 3974 499 4025 terram
517 3986 586 4025 eree
604 3971 637 4024 tu
659 3970 707 4025 W:
737 3970 891 4025 maiestatis
909 3989 955 4025 sue
1058 3972 1074 4025 6
1096 3972 1207 4038 demou-,

79 4060 193 4110 munero
214 4057 237 4112 0
330 4057 348 4111 8
366 4056 440 4124 posit
456 4055 487 4110 D
581 4056 599 4109 9
616 4056 666 4110 hae
683 4054 713 4109 D
799 4057 973 4112 renuntiante
990 4057 1031 4112 1)Ι
1122 4058 1155 4112 10
1171 4062 1204 4113 ut

78 4148 194 4206 owe:
219 4149 478 4205 ideetutD²PXo
558 4149 589 4204 11
602 4148 722 4203 tribulus
736 4149 785 4205 W¹
868 4151 902 4205 16
913 4150 1031 4205 dieentes
1047 4150 1134 4207 W¹P¹

82 4272 110 4323 ll
134 4275 276 4327 eonsumut.
304 4270 336 4326 D
441 4269 491 4333 heo
514 4268 556 4325 D¹
661 4268 696 4325 20
721 4242 836 4341 re⁹perire
861 4272 893 4327 D
922 4288 1056 4341 repperere
1083 4273 1132 4328 W'

81 4362 110 4417 m
127 4366 265 4438 uollegitur
280 4366 327 4423 D¹
435 4364 469 4419 25
485 4364 672 4433 ,perueniemus
689 4365 757 4421 12¹0

1058 4472 1097 4525 6*
