3009 5200
300 375 364 443 392
693 371 860 429 Iohannis
878 374 1033 430 Cassiani

302 566 570 630 dimittuntur
605 563 681 629 tibi
717 566 900 647 peecata,
938 565 1007 629 aut
1043 564 1190 630 dioara:
1235 584 1350 651 surge
1388 569 1438 632 et

288 662 480 733 {annulae
522 668 567 733 ut
600 666 742 732 solatis
786 668 917 732 autem
960 666 1052 749 quia
1097 668 1211 733 filins
1253 669 1435 735 hominis

300 776 545 855 potestatem
588 771 707 836 habat
742 770 784 836 in
821 772 927 835 terra
970 772 1206 837 dimittendi
1241 776 1434 855 peecata,

301 878 400 941 tuno
430 876 490 940 ait
521 873 760 958 paralytico:
790 892 919 956 surgo,
950 874 1049 939 tolle
1077 876 1224 941 laetum
1247 882 1357 942 tuum
1388 878 1437 941 ot

269 979 398 1045 ‘luade
420 979 458 1045 in
481 980 632 1044 domum
653 982 768 1042 tuam.
806 978 954 1042 similiter
976 979 1071 1043 otiam
1092 980 1126 1044 in
1142 980 1209 1057 illo,
1226 982 1278 1063 qui
1295 982 1436 1063 triginta
1461 1005 1480 1045 s

300 1088 333 1148 et
355 1084 426 1147 ooto
446 1101 544 1148 annos
564 1084 652 1146 iuxta
681 1080 855 1145 natatoriae
885 1081 1075 1163 crepidinem
1098 1083 1217 1149 trustra
1237 1085 1435 1149 decumbens

301 1186 340 1251 do
372 1205 470 1270 aquae
501 1185 589 1249 illius
617 1187 706 1248 motu
736 1189 915 1265 sperauerat
950 1184 1143 1265 medicinam,
1179 1185 1433 1251 munificentiam

300 1290 462 1354 ultroneae
483 1286 641 1372 largitatis
663 1284 812 1353 ostendit.
851 1304 926 1351 nam
948 1306 1017 1351 orum
1041 1288 1147 1353 uolans
1171 1308 1241 1355 eum
1256 1290 1296 1354 ad
1311 1288 1432 1353 salutis

300 1393 438 1459 remedia
469 1408 635 1474 pronooaro
668 1391 799 1455 dixisset
826 1390 873 1455 ai:
903 1390 966 1454 uis
998 1408 1120 1455 sanus
1150 1391 1264 1457 fieri?
1286 1408 1434 1473 ‘eumque

286 1495 358 1561 'ills
378 1494 417 1560 de
439 1494 568 1560 hnmani
589 1494 737 1560 adintona
759 1495 864 1576 inopia
886 1496 1125 1575 querereturao
1147 1496 1281 1561 diseret:
1304 1495 1431 1559 homi·
1446 1524 1477 1564 ιο

302 1618 385 1664 nem
415 1616 487 1663 non
519 1596 641 1662 habeo
663 1600 708 1662 ut
729 1616 812 1662 oum
835 1596 997 1663 turbata
1019 1597 1143 1664 fuerit
1166 1616 1265 1681 aqua
1287 1599 1434 1663 mittat

302 1719 359 1765 ma
387 1701 426 1765 in
456 1702 663 1783 piscinam,
694 1700 910 1765 ineredulitati
941 1700 1008 1765 eius
1032 1705 1064 1765 at
1086 1702 1279 1785 ignorantiae
1300 1705 1434 1767 ueniam

302 1804 442 1868 tribuens
469 1804 621 1885 pristinae
651 1822 722 1868 eum
753 1802 882 1867 sanitati
913 1820 973 1867 non
1000 1802 1057 1867 illa
1079 1822 1140 1885 qua
1161 1806 1340 1885 sperauerat
1363 1806 1432 1881 nia,

302 1909 355 1973 sod
384 1924 447 1989 qua
474 1906 576 1970 noluit
597 1905 741 1971 dominus
764 1906 962 1971 miseratione
989 1906 1128 1970 restituit
1151 1907 1268 1971 diosus:
1291 1924 1432 1990 surge,

270 2010 403 2078 otollo
424 2011 570 2074 lactum
594 2011 704 2073 tuum
730 2010 769 2075 et
791 2013 888 2074 uada
910 2010 946 2073 in
969 2009 1120 2074 domum
1143 2012 1260 2075 tuam.
1286 2011 1326 2074 -et
1349 2010 1474 2091 quidus

302 2113 419 2178 mirum
440 2113 468 2177 si
490 2113 566 2182 haoo
586 2112 705 2177 domini
727 2114 882 2193 potestate
904 2116 994 2193 gesta
1017 2108 1187 2194 namentur,
1215 2130 1286 2177 oum
1309 2113 1435 2178 similia

303 2217 398 2282 otiam
428 2234 484 2298 per
512 2234 618 2281 seruos
646 2232 719 2279 suos
741 2216 852 2280 diuina
873 2214 975 2299 gratia
998 2214 1095 2279 inerit
1117 2214 1265 2299 oparata?
1286 2215 1432 2297 ingredi-

301 2321 427 2385 entibus
457 2338 592 2402 namque
619 2319 773 2401 templum
796 2318 888 2383 Petro
912 2320 943 2383 at
965 2318 1102 2384 Iohanne
1123 2338 1195 2387 oum
1218 2317 1272 2384 ille
1295 2320 1433 2385 olaudus

302 2441 339 2488 ex
369 2429 456 2489 utero
486 2424 607 2499 matris,
630 2423 682 2505 qni
703 2440 848 2506 gressum
869 2422 997 2503 penitus
1019 2422 1192 2503 ignorabat,
1215 2424 1433 2507 elemosynam

302 2528 485 2610 postularat,
520 2526 568 2590 illi
598 2542 659 2589 non
688 2522 768 2589 uilia
796 2542 870 2590 aera
899 2542 978 2608 qnae
1007 2528 1151 2609 poseeuat
1184 2526 1337 2608 infirmus,
1373 2528 1475 2597 sedeo

282 2645 427 2715 'gresam
463 2629 568 2696 offioia
603 2629 783 2710 largiuntur
816 2634 847 2692 et
883 2629 1089 2710 paratissimae
1122 2627 1212 2712 stipis
1247 2633 1433 2712 sperantem

302 2735 418 2800 solacia
439 2735 614 2815 insperatae
636 2733 747 2797 salutis
777 2731 923 2813 praemiis
946 2731 1144 2814 ,loeupletant
1171 2733 1299 2797 dioento
1316 2733 1433 2798 Petro:

295 2838 511 2920 argentum
548 2841 588 2900 ot
625 2851 763 2900 aurum
806 2851 880 2899 non
916 2836 976 2899 ast
1011 2836 1122 2900 mitris
1160 2833 1260 2917 quod
1296 2839 1433 2900 autern

303 2939 446 3022 habeo,
477 2939 548 3004 lroo
577 2937 655 3003 tibi
685 2937 743 3003 do:
770 2939 807 3003 in
831 2937 989 3004 nomine
1012 2939 1104 3004 lesu
1123 2938 1279 3005 Christi
1302 2939 1433 3004 Nana—
1496 2985 1503 3022 ,·

303 3045 387 3107 runi
409 3059 525 3125 surgo
546 3045 586 3105 et
607 3040 772 3107 ambula.
1439 3072 1473 3115 ,ὅ
1498 3088 1504 3131 3

284 3165 290 3199 τ
345 3144 450 3211 XVII.
463 3146 522 3210 Por
537 3145 612 3209 haee
626 3147 722 3226 igitur
736 3143 878 3227 exempla
893 3163 969 3227 quaa
984 3147 1021 3210 ds
1035 3145 1223 3228 euangelicis
1235 3144 1432 3226 protulimus
1495 3189 1503 3218 -,

304 3249 512 3314 monumentis
535 3245 768 3312 euidentissime
800 3247 969 3329 poterimus
995 3249 1158 3312 aduertere
1180 3247 1312 3312 diuersis
1334 3253 1432 3331 atque

404 3429 438 3482 26
455 3427 507 3482 Per
524 3426 730 3496 haec-...up
742 3427 802 3492 393,
816 3427 848 3482 13
866 3427 1002 3495 retugium
1020 3397 1186 3497 nominatur]
1205 3427 1296 3495 Prosp.
1316 3426 1358 3491 18,
1379 3427 1393 3479 1

360 3614 574 3710 aronae
667 3623 812 3698 lotor
877 3609 1050 3698 ’14118
1136 3640 1327 3710 aeneae
1402 3703 1406 3710 ⁴
1501 3681 1504 3689 .

355 3801 566 3855 lrsmittuntur
583 3797 664 3855 noa
761 3796 957 3853 ddemittendi
974 3799 1013 3849 Π1
1111 3796 1288 3865 tparalitioo
1306 3793 1362 3848 ΤΟ

303 3901 382 3956 surge
399 3889 427 3940 at
444 3885 521 3940 lll‘s
610 3883 739 3954 5etlsm]
756 3889 846 3942 antem
863 3884 913 3941 llo
1004 3885 1123 3937 donnus
1141 3883 1180 3934 11¹
1272 3879 1431 3950 oripidinorn
1493 3936 1495 3944 ,

302 3976 334 4027 Π
425 3973 583 4027 arenosam
601 3970 627 4024 0
722 3971 755 4024 lt)
772 3973 940 4040 quaereretur
958 3971 1019 4022 ΣΠ
1115 3969 1147 4023 16
1164 3971 1304 4022 nanentor
1321 3967 1359 4018 ΣΙ
1399 3982 1408 4010 r
1492 3999 1498 4033 ,

305 4061 337 4114 l‘l
354 4059 443 4112 marat
459 4059 498 4109 ΠΙ
602 4057 636 4111 ra
652 4061 683 4110 at
698 4072 729 4110 ex
747 4058 773 4108 Τ
870 4055 1044 4110 elemosinam
1063 4049 1105 4106 Σ’
1120 4053 1302 4108 aelimosinaru
1321 4053 1351 4107 Π
1380 4051 1431 4106 alo·
1494 4089 1497 4103 .

303 4145 407 4200 mesina
425 4143 451 4197 0
551 4143 675 4198 wasnau
690 4143 722 4194 11
823 4143 853 4196 21
873 4137 1030 4210 pamireima
1048 4140 1103 4194 ῬΟ
1199 4138 1433 4208 stipia1abipaia
1491 4171 1503 4208 ἶ

305 4233 331 4284 Τ
417 4229 453 4285 12
469 4229 570 4283 solatia
586 4229 615 4280 11
695 4228 848 4296 inspiratae
865 4229 893 4280 Σ
984 4223 1194 4281 2411111110
1282 4224 1318 4280 dd
1334 4223 1432 4282 xum
1492 4257 1499 4293 ι,

305 4317 331 4371 O
432 4315 466 4371 21
484 4313 655 4370 monimentis
678 4311 745 4366 apo.
1184 4339 1186 4345 ,
