<?xml version="1.0" encoding="UTF-8"?>
<!DOCTYPE html PUBLIC "-//W3C//DTD XHTML 1.0 Transitional//EN"
    "http://www.w3.org/TR/xhtml1/DTD/xhtml1-transitional.dtd">
<html xmlns="http://www.w3.org/1999/xhtml" xml:lang="en" lang="en">
 <head>
  <title>
</title>
<meta http-equiv="Content-Type" content="text/html;charset=utf-8" />
  <meta name='ocr-system' content='tesseract 3.04.00' />
  <meta name='ocr-capabilities' content='ocr_page ocr_carea ocr_par ocr_line ocrx_word'/>
</head>
<body>
  <div class='ocr_page' id='page_1' title='image "./corpusscriptoru14wiengoog_0472.png"; bbox 0 0 3009 5200; ppageno 0'>
   <div class='ocr_carea' id='block_1_1' title="bbox 291 429 1029 500">
    <p class='ocr_par' dir='ltr' id='par_1_1' title="bbox 291 429 1029 500">
     <span class='ocr_line' id='line_1_1' title="bbox 291 429 1029 500; baseline -0.001 -13"><span class='ocrx_word' id='word_1_1' title='bbox 291 432 357 500; x_wconf 83' lang='lat'><strong>380</strong></span> <span class='ocrx_word' id='word_1_2' title='bbox 680 429 847 486; x_wconf 82' lang='lat' dir='ltr'><strong>iohannis</strong></span> <span class='ocrx_word' id='word_1_3' title='bbox 869 430 1029 488; x_wconf 78' lang='lat' dir='ltr'><strong>cassiani</strong></span> 
     </span>
    </p>
   </div>
   <div class='ocr_carea' id='block_1_2' title="bbox 171 617 1451 3385">
    <p class='ocr_par' dir='ltr' id='par_1_2' title="bbox 171 617 1451 3385">
     <span class='ocr_line' id='line_1_2' title="bbox 292 617 1414 708; baseline 0.003 -21"><span class='ocrx_word' id='word_1_4' title='bbox 292 637 417 688; x_wconf 80' lang='lat' dir='ltr'><strong>oersnm</strong></span> <span class='ocrx_word' id='word_1_5' title='bbox 447 624 493 687; x_wconf 88' lang='lat' dir='ltr'><strong>est</strong></span> <span class='ocrx_word' id='word_1_6' title='bbox 522 621 674 687; x_wconf 87' lang='lat' dir='ltr'><strong>humanae</strong></span> <span class='ocrx_word' id='word_1_7' title='bbox 704 617 917 687; x_wconf 86' lang='lat' dir='ltr'><strong>adsoribamus</strong></span> <span class='ocrx_word' id='word_1_8' title='bbox 947 626 1087 687; x_wconf 82' lang='lat' dir='ltr'><strong>saturae.</strong></span> <span class='ocrx_word' id='word_1_9' title='bbox 1128 623 1161 688; x_wconf 84' lang='lat' dir='ltr'><strong>in</strong></span> <span class='ocrx_word' id='word_1_10' title='bbox 1190 642 1251 706; x_wconf 85' lang='lat' dir='ltr'><strong>quo</strong></span> <span class='ocrx_word' id='word_1_11' title='bbox 1283 625 1414 708; x_wconf 83' lang='lat' dir='ltr'><strong>quidem</strong></span> 
     </span>
     <span class='ocr_line' id='line_1_3' title="bbox 291 723 1417 808; baseline 0.003 -18"><span class='ocrx_word' id='word_1_12' title='bbox 291 723 515 808; x_wconf 72' lang='lat' dir='ltr'><strong>sapientissimi</strong></span> <span class='ocrx_word' id='word_1_13' title='bbox 538 723 719 802; x_wconf 86' lang='lat' dir='ltr'><strong>Salomonis,</strong></span> <span class='ocrx_word' id='word_1_14' title='bbox 742 723 840 789; x_wconf 89' lang='lat' dir='ltr'><strong>immo</strong></span> <span class='ocrx_word' id='word_1_15' title='bbox 869 723 989 789; x_wconf 81' lang='lat' dir='ltr'><strong>domini</strong></span> <span class='ocrx_word' id='word_1_16' title='bbox 1010 725 1100 790; x_wconf 84' lang='lat' dir='ltr'><strong>ouius</strong></span> <span class='ocrx_word' id='word_1_17' title='bbox 1122 725 1199 791; x_wconf 85' lang='lat' dir='ltr'><strong>haee</strong></span> <span class='ocrx_word' id='word_1_18' title='bbox 1220 726 1318 792; x_wconf 86' lang='lat' dir='ltr'><strong>uerba</strong></span> <span class='ocrx_word' id='word_1_19' title='bbox 1340 733 1417 793; x_wconf 86' lang='lat' dir='ltr'><strong>sont</strong></span> 
     </span>
     <span class='ocr_line' id='line_1_4' title="bbox 292 826 1417 914; baseline 0 -20"><span class='ocrx_word' id='word_1_20' title='bbox 292 828 472 895; x_wconf 82' lang='lat' dir='ltr'><strong>testimonio</strong></span> <span class='ocrx_word' id='word_1_21' title='bbox 506 827 719 894; x_wconf 81' lang='lat' dir='ltr'><strong>confutamur:</strong></span> <span class='ocrx_word' id='word_1_22' title='bbox 749 827 797 893; x_wconf 82' lang='lat' dir='ltr'><strong>ito</strong></span> <span class='ocrx_word' id='word_1_23' title='bbox 824 826 920 912; x_wconf 87' lang='lat' dir='ltr'><strong>enim,</strong></span> <span class='ocrx_word' id='word_1_24' title='bbox 949 843 1020 893; x_wconf 86' lang='lat' dir='ltr'><strong>oom</strong></span> <span class='ocrx_word' id='word_1_25' title='bbox 1053 833 1269 896; x_wconf 83' lang='lat' dir='ltr'><strong>consummate</strong></span> <span class='ocrx_word' id='word_1_26' title='bbox 1301 829 1417 914; x_wconf 87' lang='lat' dir='ltr'><strong>templi</strong></span> 
     </span>
     <span class='ocr_line' id='line_1_5' title="bbox 293 929 1418 1016; baseline 0.002 -20"><span class='ocrx_word' id='word_1_27' title='bbox 293 932 484 997; x_wconf 75' lang='lat' dir='ltr'><strong>extimatione</strong></span> <span class='ocrx_word' id='word_1_28' title='bbox 515 934 626 1010; x_wconf 86' lang='lat' dir='ltr'><strong>oraret,</strong></span> <span class='ocrx_word' id='word_1_29' title='bbox 657 929 769 997; x_wconf 82' lang='lat' dir='ltr'><strong>effatus</strong></span> <span class='ocrx_word' id='word_1_30' title='bbox 801 931 865 996; x_wconf 85' lang='lat' dir='ltr'><strong>est:</strong></span> <span class='ocrx_word' id='word_1_31' title='bbox 898 929 1108 1014; x_wconf 80' lang='lat' dir='ltr'><strong>noluitque</strong></span> <span class='ocrx_word' id='word_1_32' title='bbox 1140 931 1266 1000; x_wconf 82' lang='lat' dir='ltr'><strong>Dauid</strong></span> <span class='ocrx_word' id='word_1_33' title='bbox 1299 937 1418 1016; x_wconf 86' lang='lat' dir='ltr'><strong>patet</strong></span> 
     </span>
     <span class='ocr_line' id='line_1_6' title="bbox 292 1031 1451 1102; baseline 0.003 -4"><span class='ocrx_word' id='word_1_34' title='bbox 292 1051 397 1099; x_wconf 86' lang='lat' dir='ltr'><strong>meus</strong></span> <span class='ocrx_word' id='word_1_35' title='bbox 426 1031 647 1099; x_wconf 75' lang='lat' dir='ltr'><strong>aedificare</strong></span> <span class='ocrx_word' id='word_1_36' title='bbox 676 1032 828 1098; x_wconf 84' lang='lat' dir='ltr'><strong>domum</strong></span> <span class='ocrx_word' id='word_1_37' title='bbox 857 1032 1027 1098; x_wconf 85' lang='lat' dir='ltr'><strong>nominis</strong></span> <span class='ocrx_word' id='word_1_38' title='bbox 1056 1031 1205 1101; x_wconf 88' lang='lat' dir='ltr'><strong>domini</strong></span> <span class='ocrx_word' id='word_1_39' title='bbox 1230 1036 1291 1102; x_wconf 83' lang='lat' dir='ltr'><strong>dei</strong></span> <span class='ocrx_word' id='word_1_40' title='bbox 1313 1034 1451 1102; x_wconf 77' lang='lat' dir='ltr'><strong>Iera-a</strong></span> 
     </span>
     <span class='ocr_line' id='line_1_7' title="bbox 292 1134 1418 1224; baseline 0.004 -24"><span class='ocrx_word' id='word_1_41' title='bbox 292 1135 373 1200; x_wconf 87' lang='lat' dir='ltr'><strong>hol:</strong></span> <span class='ocrx_word' id='word_1_42' title='bbox 402 1138 441 1201; x_wconf 89' lang='lat' dir='ltr'><strong>et</strong></span> <span class='ocrx_word' id='word_1_43' title='bbox 461 1139 520 1202; x_wconf 79' lang='lat' dir='ltr'><strong>ait</strong></span> <span class='ocrx_word' id='word_1_44' title='bbox 543 1137 719 1202; x_wconf 86' lang='lat' dir='ltr'><strong>dominus</strong></span> <span class='ocrx_word' id='word_1_45' title='bbox 749 1136 795 1202; x_wconf 89' lang='lat' dir='ltr'><strong>ad</strong></span> <span class='ocrx_word' id='word_1_46' title='bbox 817 1134 946 1202; x_wconf 80' lang='lat' dir='ltr'><strong>Dauid</strong></span> <span class='ocrx_word' id='word_1_47' title='bbox 976 1137 1130 1219; x_wconf 83' lang='lat' dir='ltr'><strong>patrem</strong></span> <span class='ocrx_word' id='word_1_48' title='bbox 1151 1156 1290 1204; x_wconf 89' lang='lat' dir='ltr'><strong>meum:</strong></span> <span class='ocrx_word' id='word_1_49' title='bbox 1314 1142 1418 1224; x_wconf 84' lang='lat' dir='ltr'><strong>quod</strong></span> 
     </span>
     <span class='ocr_line' id='line_1_8' title="bbox 292 1239 1417 1324; baseline 0.004 -20"><span class='ocrx_word' id='word_1_50' title='bbox 292 1239 485 1324; x_wconf 71' lang='lat' dir='ltr'><strong>cogitasti</strong></span> <span class='ocrx_word' id='word_1_51' title='bbox 518 1241 557 1305; x_wconf 89' lang='lat' dir='ltr'><strong>in</strong></span> <span class='ocrx_word' id='word_1_52' title='bbox 588 1243 702 1307; x_wconf 85' lang='lat' dir='ltr'><strong>eorde</strong></span> <span class='ocrx_word' id='word_1_53' title='bbox 731 1239 799 1304; x_wconf 87' lang='lat' dir='ltr'><strong>tuo</strong></span> <span class='ocrx_word' id='word_1_54' title='bbox 829 1239 1045 1307; x_wconf 81' lang='lat' dir='ltr'><strong>aedificare</strong></span> <span class='ocrx_word' id='word_1_55' title='bbox 1079 1244 1229 1308; x_wconf 86' lang='lat' dir='ltr'><strong>domum</strong></span> <span class='ocrx_word' id='word_1_56' title='bbox 1262 1243 1417 1308; x_wconf 83' lang='lat' dir='ltr'><strong>nomini</strong></span> 
     </span>
     <span class='ocr_line' id='line_1_9' title="bbox 292 1342 1417 1428; baseline 0.004 -20"><span class='ocrx_word' id='word_1_57' title='bbox 292 1360 388 1428; x_wconf 88' lang='lat' dir='ltr'><strong>meo,</strong></span> <span class='ocrx_word' id='word_1_58' title='bbox 433 1344 526 1410; x_wconf 86' lang='lat' dir='ltr'><strong>bene</strong></span> <span class='ocrx_word' id='word_1_59' title='bbox 571 1343 725 1420; x_wconf 86' lang='lat' dir='ltr'><strong>ieoisti,</strong></span> <span class='ocrx_word' id='word_1_60' title='bbox 774 1342 846 1409; x_wconf 90' lang='lat' dir='ltr'><strong>hoo</strong></span> <span class='ocrx_word' id='word_1_61' title='bbox 888 1343 1013 1426; x_wconf 84' lang='lat' dir='ltr'><strong>ipsum</strong></span> <span class='ocrx_word' id='word_1_62' title='bbox 1058 1349 1183 1411; x_wconf 85' lang='lat' dir='ltr'><strong>mente</strong></span> <span class='ocrx_word' id='word_1_63' title='bbox 1224 1347 1417 1412; x_wconf 76' lang='lat' dir='ltr'><strong>tractans.</strong></span> 
     </span>
     <span class='ocr_line' id='line_1_10' title="bbox 292 1443 1418 1515; baseline 0.003 -5"><span class='ocrx_word' id='word_1_64' title='bbox 292 1450 560 1512; x_wconf 86' lang='lat' dir='ltr'><strong>uoromtamen</strong></span> <span class='ocrx_word' id='word_1_65' title='bbox 598 1462 668 1511; x_wconf 85' lang='lat' dir='ltr'><strong>non</strong></span> <span class='ocrx_word' id='word_1_66' title='bbox 704 1449 747 1510; x_wconf 83' lang='lat' dir='ltr'><strong>tu</strong></span> <span class='ocrx_word' id='word_1_67' title='bbox 784 1443 1031 1512; x_wconf 78' lang='lat' dir='ltr'><strong>aedificabis</strong></span> <span class='ocrx_word' id='word_1_68' title='bbox 1074 1447 1225 1514; x_wconf 84' lang='lat' dir='ltr'><strong>domum</strong></span> <span class='ocrx_word' id='word_1_69' title='bbox 1261 1449 1418 1515; x_wconf 83' lang='lat' dir='ltr'><strong>nomini</strong></span> 
     </span>
     <span class='ocr_line' id='line_1_11' title="bbox 171 1547 1450 1636; baseline 0 -23"><span class='ocrx_word' id='word_1_70' title='bbox 171 1583 172 1586; x_wconf 60' lang='lat'><em>=</em></span> <span class='ocrx_word' id='word_1_71' title='bbox 260 1557 385 1622; x_wconf 72' lang='lat' dir='ltr'><strong>emeo.</strong></span> <span class='ocrx_word' id='word_1_72' title='bbox 424 1547 500 1614; x_wconf 83' lang='lat' dir='ltr'><strong>haee</strong></span> <span class='ocrx_word' id='word_1_73' title='bbox 530 1565 604 1631; x_wconf 80' lang='lat' dir='ltr'><strong>ergo</strong></span> <span class='ocrx_word' id='word_1_74' title='bbox 633 1547 783 1631; x_wconf 80' lang='lat' dir='ltr'><strong>cogitatio</strong></span> <span class='ocrx_word' id='word_1_75' title='bbox 813 1551 907 1630; x_wconf 86' lang='lat' dir='ltr'><strong>atque</strong></span> <span class='ocrx_word' id='word_1_76' title='bbox 934 1547 995 1613; x_wconf 84' lang='lat' dir='ltr'><strong>iste</strong></span> <span class='ocrx_word' id='word_1_77' title='bbox 1023 1549 1177 1616; x_wconf 84' lang='lat' dir='ltr'><strong>traotatus</strong></span> <span class='ocrx_word' id='word_1_78' title='bbox 1205 1551 1288 1636; x_wconf 76' lang='lat' dir='ltr'><strong>regis</strong></span> <span class='ocrx_word' id='word_1_79' title='bbox 1311 1550 1450 1617; x_wconf 79' lang='lat' dir='ltr'><strong>Donido</strong></span> 
     </span>
     <span class='ocr_line' id='line_1_12' title="bbox 294 1651 1416 1731; baseline 0.004 -15"><span class='ocrx_word' id='word_1_80' title='bbox 294 1653 440 1718; x_wconf 83' lang='lat' dir='ltr'><strong>utrumne</strong></span> <span class='ocrx_word' id='word_1_81' title='bbox 474 1651 573 1718; x_wconf 87' lang='lat' dir='ltr'><strong>bonus</strong></span> <span class='ocrx_word' id='word_1_82' title='bbox 601 1652 635 1716; x_wconf 87' lang='lat' dir='ltr'><strong>et</strong></span> <span class='ocrx_word' id='word_1_83' title='bbox 663 1669 698 1715; x_wconf 85' lang='lat' dir='ltr'><strong>ex</strong></span> <span class='ocrx_word' id='word_1_84' title='bbox 728 1651 795 1731; x_wconf 86' lang='lat' dir='ltr'><strong>deo,</strong></span> <span class='ocrx_word' id='word_1_85' title='bbox 829 1669 870 1716; x_wconf 86' lang='lat' dir='ltr'><strong>an</strong></span> <span class='ocrx_word' id='word_1_86' title='bbox 900 1651 1004 1719; x_wconf 85' lang='lat' dir='ltr'><strong>molus</strong></span> <span class='ocrx_word' id='word_1_87' title='bbox 1037 1656 1070 1718; x_wconf 86' lang='lat' dir='ltr'><strong>et</strong></span> <span class='ocrx_word' id='word_1_88' title='bbox 1096 1653 1136 1718; x_wconf 85' lang='lat' dir='ltr'><strong>ab</strong></span> <span class='ocrx_word' id='word_1_89' title='bbox 1163 1653 1289 1720; x_wconf 88' lang='lat' dir='ltr'><strong>homine</strong></span> <span class='ocrx_word' id='word_1_90' title='bbox 1318 1654 1416 1720; x_wconf 84' lang='lat' dir='ltr'><strong>fuisse</strong></span> 
     </span>
     <span class='ocr_line' id='line_1_13' title="bbox 293 1753 1417 1840; baseline 0.004 -23"><span class='ocrx_word' id='word_1_91' title='bbox 293 1753 442 1820; x_wconf 83' lang='lat' dir='ltr'><strong>diosndos</strong></span> <span class='ocrx_word' id='word_1_92' title='bbox 472 1755 542 1819; x_wconf 78' lang='lat' dir='ltr'><strong>esti</strong></span> <span class='ocrx_word' id='word_1_93' title='bbox 570 1754 598 1818; x_wconf 88' lang='lat' dir='ltr'><strong>si</strong></span> <span class='ocrx_word' id='word_1_94' title='bbox 624 1754 707 1820; x_wconf 88' lang='lat' dir='ltr'><strong>onim</strong></span> <span class='ocrx_word' id='word_1_95' title='bbox 735 1753 817 1821; x_wconf 90' lang='lat' dir='ltr'><strong>bona</strong></span> <span class='ocrx_word' id='word_1_96' title='bbox 838 1758 932 1838; x_wconf 84' lang='lat' dir='ltr'><strong>atque</strong></span> <span class='ocrx_word' id='word_1_97' title='bbox 954 1773 991 1820; x_wconf 83' lang='lat' dir='ltr'><strong>ex</strong></span> <span class='ocrx_word' id='word_1_98' title='bbox 1013 1755 1069 1821; x_wconf 89' lang='lat' dir='ltr'><strong>deo</strong></span> <span class='ocrx_word' id='word_1_99' title='bbox 1091 1755 1153 1821; x_wconf 79' lang='lat' dir='ltr'><strong>soit</strong></span> <span class='ocrx_word' id='word_1_100' title='bbox 1174 1757 1232 1822; x_wconf 87' lang='lat' dir='ltr'><strong>illa</strong></span> <span class='ocrx_word' id='word_1_101' title='bbox 1254 1757 1417 1840; x_wconf 83' lang='lat' dir='ltr'><strong>cogitatio,</strong></span> 
     </span>
     <span class='ocr_line' id='line_1_14' title="bbox 293 1857 1416 1942; baseline 0.001 -19"><span class='ocrx_word' id='word_1_102' title='bbox 293 1875 350 1922; x_wconf 83' lang='lat' dir='ltr'><strong>eur</strong></span> <span class='ocrx_word' id='word_1_103' title='bbox 381 1857 421 1923; x_wconf 85' lang='lat' dir='ltr'><strong>ab</strong></span> <span class='ocrx_word' id='word_1_104' title='bbox 455 1875 490 1921; x_wconf 91' lang='lat' dir='ltr'><strong>eo</strong></span> <span class='ocrx_word' id='word_1_105' title='bbox 516 1875 535 1922; x_wconf 87' lang='lat' dir='ltr'><strong>a</strong></span> <span class='ocrx_word' id='word_1_106' title='bbox 563 1875 623 1942; x_wconf 86' lang='lat' dir='ltr'><strong>quo</strong></span> <span class='ocrx_word' id='word_1_107' title='bbox 655 1857 806 1940; x_wconf 83' lang='lat' dir='ltr'><strong>inspirata</strong></span> <span class='ocrx_word' id='word_1_108' title='bbox 834 1857 880 1921; x_wconf 85' lang='lat' dir='ltr'><strong>est</strong></span> <span class='ocrx_word' id='word_1_109' title='bbox 908 1858 1008 1923; x_wconf 84' lang='lat' dir='ltr'><strong>eidem</strong></span> <span class='ocrx_word' id='word_1_110' title='bbox 1040 1859 1173 1942; x_wconf 78' lang='lat' dir='ltr'><strong>negatur</strong></span> <span class='ocrx_word' id='word_1_111' title='bbox 1204 1857 1357 1925; x_wconf 77' lang='lat' dir='ltr'><strong>effeetus?</strong></span> <span class='ocrx_word' id='word_1_112' title='bbox 1389 1861 1416 1924; x_wconf 90' lang='lat' dir='ltr'><strong>si</strong></span> 
     </span>
     <span class='ocr_line' id='line_1_15' title="bbox 292 1959 1434 2052; baseline 0.001 -28"><span class='ocrx_word' id='word_1_113' title='bbox 292 1963 398 2026; x_wconf 84' lang='lat' dir='ltr'><strong>autem</strong></span> <span class='ocrx_word' id='word_1_114' title='bbox 420 1959 505 2024; x_wconf 87' lang='lat' dir='ltr'><strong>mala</strong></span> <span class='ocrx_word' id='word_1_115' title='bbox 527 1963 559 2025; x_wconf 91' lang='lat' dir='ltr'><strong>et</strong></span> <span class='ocrx_word' id='word_1_116' title='bbox 581 1979 617 2025; x_wconf 85' lang='lat' dir='ltr'><strong>ex</strong></span> <span class='ocrx_word' id='word_1_117' title='bbox 639 1959 764 2025; x_wconf 86' lang='lat' dir='ltr'><strong>homine</strong></span> <span class='ocrx_word' id='word_1_118' title='bbox 785 1959 857 2036; x_wconf 83' lang='lat' dir='ltr'><strong>fuit,</strong></span> <span class='ocrx_word' id='word_1_119' title='bbox 880 1978 936 2026; x_wconf 86' lang='lat' dir='ltr'><strong>our</strong></span> <span class='ocrx_word' id='word_1_120' title='bbox 956 1960 1102 2028; x_wconf 82' lang='lat' dir='ltr'><strong>laudatur</strong></span> <span class='ocrx_word' id='word_1_121' title='bbox 1117 1979 1137 2027; x_wconf 88' lang='lat' dir='ltr'><strong>a</strong></span> <span class='ocrx_word' id='word_1_122' title='bbox 1152 1962 1300 2028; x_wconf 69' lang='lat' dir='ltr'><strong>domino?</strong></span> <span class='ocrx_word' id='word_1_123' title='bbox 1315 1962 1434 2052; x_wconf 80' lang='lat' dir='ltr'><strong>restat</strong></span> 
     </span>
     <span class='ocr_line' id='line_1_16' title="bbox 292 2062 1447 2150; baseline 0 -20"><span class='ocrx_word' id='word_1_124' title='bbox 292 2080 363 2146; x_wconf 79' lang='lat' dir='ltr'><strong>orgo</strong></span> <span class='ocrx_word' id='word_1_125' title='bbox 396 2066 432 2129; x_wconf 86' lang='lat' dir='ltr'><strong>ut</strong></span> <span class='ocrx_word' id='word_1_126' title='bbox 465 2065 497 2128; x_wconf 82' lang='lat' dir='ltr'><strong>et</strong></span> <span class='ocrx_word' id='word_1_127' title='bbox 532 2065 611 2129; x_wconf 87' lang='lat' dir='ltr'><strong>bona</strong></span> <span class='ocrx_word' id='word_1_128' title='bbox 644 2065 675 2128; x_wconf 84' lang='lat' dir='ltr'><strong>et</strong></span> <span class='ocrx_word' id='word_1_129' title='bbox 709 2083 745 2128; x_wconf 86' lang='lat' dir='ltr'><strong>ex</strong></span> <span class='ocrx_word' id='word_1_130' title='bbox 779 2063 904 2128; x_wconf 87' lang='lat' dir='ltr'><strong>homino</strong></span> <span class='ocrx_word' id='word_1_131' title='bbox 934 2062 1031 2130; x_wconf 82' lang='lat' dir='ltr'><strong>fuisso</strong></span> <span class='ocrx_word' id='word_1_132' title='bbox 1066 2063 1221 2131; x_wconf 82' lang='lat' dir='ltr'><strong>credatur.</strong></span> <span class='ocrx_word' id='word_1_133' title='bbox 1257 2065 1292 2131; x_wconf 88' lang='lat' dir='ltr'><strong>in</strong></span> <span class='ocrx_word' id='word_1_134' title='bbox 1320 2084 1447 2150; x_wconf 77' lang='lat' dir='ltr'><strong>quomo</strong></span> 
     </span>
     <span class='ocr_line' id='line_1_17' title="bbox 292 2165 1413 2252; baseline 0.001 -20"><span class='ocrx_word' id='word_1_135' title='bbox 292 2165 418 2232; x_wconf 86' lang='lat' dir='ltr'><strong>modum</strong></span> <span class='ocrx_word' id='word_1_136' title='bbox 449 2166 547 2233; x_wconf 86' lang='lat' dir='ltr'><strong>otiam</strong></span> <span class='ocrx_word' id='word_1_137' title='bbox 575 2171 696 2233; x_wconf 82' lang='lat' dir='ltr'><strong>nostras</strong></span> <span class='ocrx_word' id='word_1_138' title='bbox 719 2165 833 2232; x_wconf 78' lang='lat' dir='ltr'><strong>cotidie</strong></span> <span class='ocrx_word' id='word_1_139' title='bbox 854 2167 1056 2251; x_wconf 81' lang='lat' dir='ltr'><strong>cogitationes</strong></span> <span class='ocrx_word' id='word_1_140' title='bbox 1078 2187 1243 2252; x_wconf 88' lang='lat' dir='ltr'><strong>possumus</strong></span> <span class='ocrx_word' id='word_1_141' title='bbox 1265 2168 1413 2234; x_wconf 81' lang='lat' dir='ltr'><strong>iudicare.</strong></span> 
     </span>
     <span class='ocr_line' id='line_1_18' title="bbox 291 2267 1413 2356; baseline 0.002 -22"><span class='ocrx_word' id='word_1_142' title='bbox 291 2285 392 2352; x_wconf 88' lang='lat' dir='ltr'><strong>noque</strong></span> <span class='ocrx_word' id='word_1_143' title='bbox 425 2270 509 2338; x_wconf 86' lang='lat' dir='ltr'><strong>enim</strong></span> <span class='ocrx_word' id='word_1_144' title='bbox 537 2270 592 2337; x_wconf 86' lang='lat' dir='ltr'><strong>aut</strong></span> <span class='ocrx_word' id='word_1_145' title='bbox 621 2269 679 2336; x_wconf 94' lang='lat' dir='ltr'><strong>soli</strong></span> <span class='ocrx_word' id='word_1_146' title='bbox 708 2269 812 2336; x_wconf 82' lang='lat' dir='ltr'><strong>Dauid</strong></span> <span class='ocrx_word' id='word_1_147' title='bbox 839 2267 958 2335; x_wconf 86' lang='lat' dir='ltr'><strong>bonum</strong></span> <span class='ocrx_word' id='word_1_148' title='bbox 986 2290 1023 2337; x_wconf 84' lang='lat' dir='ltr'><strong>ex</strong></span> <span class='ocrx_word' id='word_1_149' title='bbox 1051 2275 1150 2336; x_wconf 83' lang='lat' dir='ltr'><strong>semet</strong></span> <span class='ocrx_word' id='word_1_150' title='bbox 1179 2272 1245 2354; x_wconf 87' lang='lat' dir='ltr'><strong>ipso</strong></span> <span class='ocrx_word' id='word_1_151' title='bbox 1276 2272 1413 2356; x_wconf 76' lang='lat' dir='ltr'><strong>cogitare</strong></span> 
     </span>
     <span class='ocr_line' id='line_1_19' title="bbox 291 2372 1413 2458; baseline -0.002 -18"><span class='ocrx_word' id='word_1_152' title='bbox 291 2391 467 2440; x_wconf 76' lang='lat' dir='ltr'><strong>conoessum</strong></span> <span class='ocrx_word' id='word_1_153' title='bbox 495 2376 553 2458; x_wconf 82' lang='lat' dir='ltr'><strong>est,</strong></span> <span class='ocrx_word' id='word_1_154' title='bbox 583 2374 639 2439; x_wconf 87' lang='lat' dir='ltr'><strong>sut</strong></span> <span class='ocrx_word' id='word_1_155' title='bbox 664 2373 764 2453; x_wconf 85' lang='lat' dir='ltr'><strong>nobis,</strong></span> <span class='ocrx_word' id='word_1_156' title='bbox 793 2391 832 2439; x_wconf 87' lang='lat' dir='ltr'><strong>ne</strong></span> <span class='ocrx_word' id='word_1_157' title='bbox 860 2373 934 2457; x_wconf 81' lang='lat' dir='ltr'><strong>quid</strong></span> <span class='ocrx_word' id='word_1_158' title='bbox 961 2372 1035 2440; x_wconf 89' lang='lat' dir='ltr'><strong>boni</strong></span> <span class='ocrx_word' id='word_1_159' title='bbox 1057 2392 1206 2457; x_wconf 85' lang='lat' dir='ltr'><strong>umquam</strong></span> <span class='ocrx_word' id='word_1_160' title='bbox 1226 2391 1337 2457; x_wconf 83' lang='lat' dir='ltr'><strong>sapere</strong></span> <span class='ocrx_word' id='word_1_161' title='bbox 1359 2375 1413 2440; x_wconf 87' lang='lat' dir='ltr'><strong>aut</strong></span> 
     </span>
     <span class='ocr_line' id='line_1_20' title="bbox 262 2476 1412 2563; baseline -0.007 -15"><span class='ocrx_word' id='word_1_162' title='bbox 262 2479 428 2562; x_wconf 77' lang='lat' dir='ltr'><strong>ioogitare</strong></span> <span class='ocrx_word' id='word_1_163' title='bbox 457 2478 620 2562; x_wconf 83' lang='lat' dir='ltr'><strong>possimus,</strong></span> <span class='ocrx_word' id='word_1_164' title='bbox 651 2477 840 2543; x_wconf 85' lang='lat' dir='ltr'><strong>naturaliter</strong></span> <span class='ocrx_word' id='word_1_165' title='bbox 868 2477 1047 2561; x_wconf 84' lang='lat' dir='ltr'><strong>denegatur.</strong></span> <span class='ocrx_word' id='word_1_166' title='bbox 1085 2476 1226 2544; x_wconf 83' lang='lat' dir='ltr'><strong>dubitari</strong></span> <span class='ocrx_word' id='word_1_167' title='bbox 1255 2496 1330 2563; x_wconf 79' lang='lat' dir='ltr'><strong>orgo</strong></span> <span class='ocrx_word' id='word_1_168' title='bbox 1351 2494 1412 2542; x_wconf 86' lang='lat' dir='ltr'><strong>non</strong></span> 
     </span>
     <span class='ocr_line' id='line_1_21' title="bbox 291 2579 1446 2667; baseline 0.003 -21"><span class='ocrx_word' id='word_1_169' title='bbox 291 2581 395 2667; x_wconf 81' lang='lat' dir='ltr'><strong>potest</strong></span> <span class='ocrx_word' id='word_1_170' title='bbox 417 2580 517 2649; x_wconf 84' lang='lat' dir='ltr'><strong>inesse</strong></span> <span class='ocrx_word' id='word_1_171' title='bbox 539 2582 665 2666; x_wconf 84' lang='lat' dir='ltr'><strong>quidem</strong></span> <span class='ocrx_word' id='word_1_172' title='bbox 680 2581 765 2647; x_wconf 89' lang='lat' dir='ltr'><strong>omni</strong></span> <span class='ocrx_word' id='word_1_173' title='bbox 783 2579 906 2647; x_wconf 84' lang='lat' dir='ltr'><strong>animae</strong></span> <span class='ocrx_word' id='word_1_174' title='bbox 920 2580 1108 2647; x_wconf 82' lang='lat' dir='ltr'><strong>naturaliter</strong></span> <span class='ocrx_word' id='word_1_175' title='bbox 1120 2581 1277 2648; x_wconf 85' lang='lat' dir='ltr'><strong>uirtutum</strong></span> <span class='ocrx_word' id='word_1_176' title='bbox 1292 2579 1446 2650; x_wconf 71' lang='lat' dir='ltr'><strong>seminas</strong></span> 
     </span>
     <span class='ocr_line' id='line_1_22' title="bbox 292 2682 1412 2768; baseline -0.004 -18"><span class='ocrx_word' id='word_1_177' title='bbox 292 2684 438 2751; x_wconf 86' lang='lat' dir='ltr'><strong>benofioio</strong></span> <span class='ocrx_word' id='word_1_178' title='bbox 460 2688 607 2753; x_wconf 82' lang='lat' dir='ltr'><strong>creatoris</strong></span> <span class='ocrx_word' id='word_1_179' title='bbox 622 2685 753 2752; x_wconf 84' lang='lat' dir='ltr'><strong>inserta:</strong></span> <span class='ocrx_word' id='word_1_180' title='bbox 772 2687 825 2751; x_wconf 82' lang='lat' dir='ltr'><strong>sed</strong></span> <span class='ocrx_word' id='word_1_181' title='bbox 841 2683 903 2749; x_wconf 87' lang='lat' dir='ltr'><strong>nisi</strong></span> <span class='ocrx_word' id='word_1_182' title='bbox 916 2684 994 2751; x_wconf 85' lang='lat' dir='ltr'><strong>haec</strong></span> <span class='ocrx_word' id='word_1_183' title='bbox 1009 2682 1214 2768; x_wconf 83' lang='lat' dir='ltr'><strong>opitulatione</strong></span> <span class='ocrx_word' id='word_1_184' title='bbox 1229 2683 1279 2750; x_wconf 84' lang='lat' dir='ltr'><strong>dei</strong></span> <span class='ocrx_word' id='word_1_185' title='bbox 1294 2682 1412 2749; x_wconf 80' lang='lat' dir='ltr'><strong>fuerint</strong></span> 
     </span>
     <span class='ocr_line' id='line_1_23' title="bbox 291 2786 1411 2872; baseline -0.001 -19"><span class='ocrx_word' id='word_1_186' title='bbox 291 2788 436 2869; x_wconf 75' lang='lat' dir='ltr'><strong>excitata,</strong></span> <span class='ocrx_word' id='word_1_187' title='bbox 460 2790 498 2855; x_wconf 84' lang='lat' dir='ltr'><strong>ad</strong></span> <span class='ocrx_word' id='word_1_188' title='bbox 520 2790 749 2855; x_wconf 74' lang='lat' dir='ltr'><strong>tastamentum</strong></span> <span class='ocrx_word' id='word_1_189' title='bbox 771 2786 973 2872; x_wconf 77' lang='lat' dir='ltr'><strong>perfeetionis</strong></span> <span class='ocrx_word' id='word_1_190' title='bbox 995 2806 1056 2853; x_wconf 87' lang='lat' dir='ltr'><strong>non</strong></span> <span class='ocrx_word' id='word_1_191' title='bbox 1077 2787 1225 2871; x_wconf 83' lang='lat' dir='ltr'><strong>poterunt</strong></span> <span class='ocrx_word' id='word_1_192' title='bbox 1238 2788 1411 2872; x_wconf 81' lang='lat' dir='ltr'><strong>peruenire,</strong></span> 
     </span>
     <span class='ocr_line' id='line_1_24' title="bbox 291 2890 1412 2975; baseline -0.003 -19"><span class='ocrx_word' id='word_1_193' title='bbox 291 2892 365 2974; x_wconf 85' lang='lat' dir='ltr'><strong>quia</strong></span> <span class='ocrx_word' id='word_1_194' title='bbox 387 2890 558 2957; x_wconf 85' lang='lat' dir='ltr'><strong>seeundum</strong></span> <span class='ocrx_word' id='word_1_195' title='bbox 579 2890 709 2957; x_wconf 87' lang='lat' dir='ltr'><strong>beatum</strong></span> <span class='ocrx_word' id='word_1_196' title='bbox 733 2891 909 2974; x_wconf 84' lang='lat' dir='ltr'><strong>apostolum</strong></span> <span class='ocrx_word' id='word_1_197' title='bbox 939 2908 1059 2973; x_wconf 85' lang='lat' dir='ltr'><strong>neque</strong></span> <span class='ocrx_word' id='word_1_198' title='bbox 1080 2892 1147 2975; x_wconf 86' lang='lat' dir='ltr'><strong>qui</strong></span> <span class='ocrx_word' id='word_1_199' title='bbox 1169 2890 1332 2975; x_wconf 86' lang='lat' dir='ltr'><strong>plantat</strong></span> <span class='ocrx_word' id='word_1_200' title='bbox 1353 2891 1412 2957; x_wconf 82' lang='lat' dir='ltr'><strong>est</strong></span> 
     </span>
     <span class='ocr_line' id='line_1_25' title="bbox 291 2994 1410 3079; baseline -0.003 -20"><span class='ocrx_word' id='word_1_201' title='bbox 291 2994 459 3077; x_wconf 83' lang='lat' dir='ltr'><strong>aliquid,</strong></span> <span class='ocrx_word' id='word_1_202' title='bbox 497 3013 620 3079; x_wconf 86' lang='lat' dir='ltr'><strong>noque</strong></span> <span class='ocrx_word' id='word_1_203' title='bbox 652 2994 717 3077; x_wconf 87' lang='lat' dir='ltr'><strong>qui</strong></span> <span class='ocrx_word' id='word_1_204' title='bbox 753 2994 876 3078; x_wconf 80' lang='lat' dir='ltr'><strong>rigat,</strong></span> <span class='ocrx_word' id='word_1_205' title='bbox 911 2994 980 3060; x_wconf 84' lang='lat' dir='ltr'><strong>sed</strong></span> <span class='ocrx_word' id='word_1_206' title='bbox 1017 2995 1083 3078; x_wconf 87' lang='lat' dir='ltr'><strong>qui</strong></span> <span class='ocrx_word' id='word_1_207' title='bbox 1120 2996 1410 3060; x_wconf 85' lang='lat' dir='ltr'><strong>inerementum</strong></span> 
     </span>
     <span class='ocr_line' id='line_1_26' title="bbox 291 3096 1443 3181; baseline 0.002 -22"><span class='ocrx_word' id='word_1_208' title='bbox 291 3096 357 3161; x_wconf 84' lang='lat' dir='ltr'><strong>dat</strong></span> <span class='ocrx_word' id='word_1_209' title='bbox 392 3096 494 3163; x_wconf 87' lang='lat' dir='ltr'><strong>deus.</strong></span> <span class='ocrx_word' id='word_1_210' title='bbox 539 3098 678 3164; x_wconf 85' lang='lat' dir='ltr'><strong>adiaeere</strong></span> <span class='ocrx_word' id='word_1_211' title='bbox 716 3098 822 3162; x_wconf 85' lang='lat' dir='ltr'><strong>autem</strong></span> <span class='ocrx_word' id='word_1_212' title='bbox 858 3096 978 3162; x_wconf 84' lang='lat' dir='ltr'><strong>homini</strong></span> <span class='ocrx_word' id='word_1_213' title='bbox 1014 3098 1046 3162; x_wconf 89' lang='lat' dir='ltr'><strong>in</strong></span> <span class='ocrx_word' id='word_1_214' title='bbox 1083 3096 1257 3179; x_wconf 85' lang='lat' dir='ltr'><strong>quamlibet</strong></span> <span class='ocrx_word' id='word_1_215' title='bbox 1291 3098 1443 3181; x_wconf 71' lang='lat' dir='ltr'><strong>patemo</strong></span> 
     </span>
     <span class='ocr_line' id='line_1_27' title="bbox 291 3196 1411 3282; baseline -0.004 -19"><span class='ocrx_word' id='word_1_216' title='bbox 291 3196 416 3264; x_wconf 87' lang='lat' dir='ltr'><strong>arbitrii</strong></span> <span class='ocrx_word' id='word_1_217' title='bbox 438 3196 619 3264; x_wconf 76' lang='lat' dir='ltr'><strong>fibertatem</strong></span> <span class='ocrx_word' id='word_1_218' title='bbox 642 3200 737 3265; x_wconf 87' lang='lat' dir='ltr'><strong>etiam</strong></span> <span class='ocrx_word' id='word_1_219' title='bbox 759 3198 840 3264; x_wconf 87' lang='lat' dir='ltr'><strong>liber</strong></span> <span class='ocrx_word' id='word_1_220' title='bbox 868 3199 923 3265; x_wconf 89' lang='lat' dir='ltr'><strong>ille</strong></span> <span class='ocrx_word' id='word_1_221' title='bbox 945 3201 999 3281; x_wconf 85' lang='lat' dir='ltr'><strong>qui</strong></span> <span class='ocrx_word' id='word_1_222' title='bbox 1020 3198 1137 3264; x_wconf 84' lang='lat' dir='ltr'><strong>dieitur</strong></span> <span class='ocrx_word' id='word_1_223' title='bbox 1161 3198 1301 3265; x_wconf 85' lang='lat' dir='ltr'><strong>Pastoris</strong></span> <span class='ocrx_word' id='word_1_224' title='bbox 1323 3214 1411 3282; x_wconf 85' lang='lat' dir='ltr'><strong>aper-</strong></span> 
     </span>
     <span class='ocr_line' id='line_1_28' title="bbox 291 3301 1411 3385; baseline -0.001 -20"><span class='ocrx_word' id='word_1_225' title='bbox 291 3302 412 3367; x_wconf 87' lang='lat' dir='ltr'><strong>tissime</strong></span> <span class='ocrx_word' id='word_1_226' title='bbox 435 3302 534 3381; x_wconf 80' lang='lat' dir='ltr'><strong>dooet,</strong></span> <span class='ocrx_word' id='word_1_227' title='bbox 557 3301 590 3368; x_wconf 90' lang='lat' dir='ltr'><strong>in</strong></span> <span class='ocrx_word' id='word_1_228' title='bbox 612 3319 672 3385; x_wconf 88' lang='lat' dir='ltr'><strong>quo</strong></span> <span class='ocrx_word' id='word_1_229' title='bbox 695 3302 756 3367; x_wconf 86' lang='lat' dir='ltr'><strong>duo</strong></span> <span class='ocrx_word' id='word_1_230' title='bbox 777 3301 879 3385; x_wconf 79' lang='lat' dir='ltr'><strong>angeli</strong></span> <span class='ocrx_word' id='word_1_231' title='bbox 902 3301 1069 3385; x_wconf 81' lang='lat' dir='ltr'><strong>unicuique</strong></span> <span class='ocrx_word' id='word_1_232' title='bbox 1087 3304 1229 3368; x_wconf 85' lang='lat' dir='ltr'><strong>nostrum</strong></span> <span class='ocrx_word' id='word_1_233' title='bbox 1245 3301 1411 3367; x_wconf 86' lang='lat' dir='ltr'><strong>adhaerere</strong></span> 
     </span>
    </p>
   </div>
   <div class='ocr_carea' id='block_1_3' title="bbox 391 3513 1289 3584">
    <p class='ocr_par' dir='ltr' id='par_1_3' title="bbox 391 3513 1289 3584">
     <span class='ocr_line' id='line_1_29' title="bbox 391 3513 1289 3584; baseline 0 -17"><span class='ocrx_word' id='word_1_234' title='bbox 391 3516 409 3568; x_wconf 78' lang='grc'>4</span> <span class='ocrx_word' id='word_1_235' title='bbox 427 3514 689 3583; x_wconf 61' lang='lat' dir='ltr'><strong>solutique-...la</strong></span> <span class='ocrx_word' id='word_1_236' title='bbox 707 3513 768 3581; x_wconf 80' lang='lat'>381,</span> <span class='ocrx_word' id='word_1_237' title='bbox 785 3515 803 3569; x_wconf 78' lang='lat'>4</span> <span class='ocrx_word' id='word_1_238' title='bbox 820 3515 863 3570; x_wconf 84' lang='lat' dir='ltr'><strong>uel</strong></span> <span class='ocrx_word' id='word_1_239' title='bbox 880 3514 981 3584; x_wconf 81' lang='lat' dir='ltr'><strong>amaro]</strong></span> <span class='ocrx_word' id='word_1_240' title='bbox 999 3514 1092 3584; x_wconf 86' lang='lat' dir='ltr'><strong>Prosp.</strong></span> <span class='ocrx_word' id='word_1_241' title='bbox 1111 3514 1152 3580; x_wconf 78' lang='lat'><strong>12,</strong></span> <span class='ocrx_word' id='word_1_242' title='bbox 1171 3516 1194 3567; x_wconf 94' lang='lat'><strong>1.</strong></span> <span class='ocrx_word' id='word_1_243' title='bbox 1214 3514 1254 3581; x_wconf 80' lang='grc'><strong>18,</strong></span> <span class='ocrx_word' id='word_1_244' title='bbox 1274 3514 1289 3567; x_wconf 97' lang='lat'>1</span> 
     </span>
    </p>
   </div>
   <div class='ocr_carea' id='block_1_4' title="bbox 290 3642 491 3652">
    <p class='ocr_par' dir='ltr' id='par_1_4' title="bbox 290 3642 491 3652">
     <span class='ocr_line' id='line_1_30' title="bbox 290 3642 491 3652; baseline -0.005 0"><span class='ocrx_word' id='word_1_245' title='bbox 290 3642 491 3652; x_wconf 70' lang='lat' dir='ltr'><strong>——--—o-</strong></span> 
     </span>
    </p>
   </div>
   <div class='ocr_carea' id='block_1_5' title="bbox 389 3760 1342 3832">
    <p class='ocr_par' dir='ltr' id='par_1_5' title="bbox 389 3760 1342 3832">
     <span class='ocr_line' id='line_1_31' title="bbox 389 3760 1342 3832; baseline -0.002 -15"><span class='ocrx_word' id='word_1_246' title='bbox 389 3763 408 3817; x_wconf 80' lang='grc'><strong>4</strong></span> <span class='ocrx_word' id='word_1_247' title='bbox 424 3761 470 3818; x_wconf 91' lang='grc' dir='ltr'><strong>ΙΙΙ</strong></span> <span class='ocrx_word' id='word_1_248' title='bbox 482 3762 546 3832; x_wconf 76' lang='lat' dir='ltr'><strong>Bag.</strong></span> <span class='ocrx_word' id='word_1_249' title='bbox 564 3763 590 3829; x_wconf 89' lang='lat'><strong>8,</strong></span> <span class='ocrx_word' id='word_1_250' title='bbox 604 3762 704 3817; x_wconf 74' lang='lat'>17-19</span> <span class='ocrx_word' id='word_1_251' title='bbox 789 3762 824 3817; x_wconf 76' lang='lat'><strong>23</strong></span> <span class='ocrx_word' id='word_1_252' title='bbox 841 3761 926 3819; x_wconf 78' lang='lat' dir='ltr'>IGor.</span> <span class='ocrx_word' id='word_1_253' title='bbox 944 3760 970 3827; x_wconf 74' lang='lat'><strong>3,</strong></span> <span class='ocrx_word' id='word_1_254' title='bbox 984 3761 999 3816; x_wconf 83' lang='grc'><strong>7</strong></span> <span class='ocrx_word' id='word_1_255' title='bbox 1082 3761 1117 3817; x_wconf 75' lang='grc'><strong>26</strong></span> <span class='ocrx_word' id='word_1_256' title='bbox 1134 3763 1169 3817; x_wconf 83' lang='lat' dir='ltr'><strong>of.</strong></span> <span class='ocrx_word' id='word_1_257' title='bbox 1180 3762 1259 3829; x_wconf 87' lang='lat' dir='ltr'>VIII,</span> <span class='ocrx_word' id='word_1_258' title='bbox 1274 3762 1342 3829; x_wconf 76' lang='lat'>17,1</span> 
     </span>
    </p>
   </div>
   <div class='ocr_carea' id='block_1_6' title="bbox 288 3933 1406 4433">
    <p class='ocr_par' dir='ltr' id='par_1_6' title="bbox 339 3933 1343 4001">
     <span class='ocr_line' id='line_1_32' title="bbox 339 3933 1343 4001; baseline -0.002 -14"><span class='ocrx_word' id='word_1_259' title='bbox 339 3933 598 3989; x_wconf 65' lang='lat' dir='ltr'><strong>tetamentum</strong></span> <span class='ocrx_word' id='word_1_260' title='bbox 699 3935 717 3988; x_wconf 86' lang='lat'>4</span> <span class='ocrx_word' id='word_1_261' title='bbox 738 3936 852 3989; x_wconf 82' lang='lat' dir='ltr'><strong>moraret</strong></span> <span class='ocrx_word' id='word_1_262' title='bbox 869 3936 908 4001; x_wconf 84' lang='lat' dir='ltr'><strong>(et</strong></span> <span class='ocrx_word' id='word_1_263' title='bbox 924 3934 959 3987; x_wconf 73' lang='lat' dir='ltr'><strong>is</strong></span> <span class='ocrx_word' id='word_1_264' title='bbox 975 3939 1041 3999; x_wconf 81' lang='lat' dir='ltr'><strong>ros.)</strong></span> <span class='ocrx_word' id='word_1_265' title='bbox 1060 3933 1099 3984; x_wconf 83' lang='grc' dir='ltr'><strong>Σι</strong></span> <span class='ocrx_word' id='word_1_266' title='bbox 1128 3936 1287 3988; x_wconf 83' lang='lat' dir='ltr'><strong>memoraret</strong></span> <span class='ocrx_word' id='word_1_267' title='bbox 1304 3934 1343 3985; x_wconf 80' lang='grc' dir='ltr'><strong>Σ’</strong></span> 
     </span>
    </p>

    <p class='ocr_par' dir='ltr' id='par_1_7' title="bbox 288 4016 1406 4433">
     <span class='ocr_line' id='line_1_33' title="bbox 288 4016 1406 4087; baseline -0.008 -12"><span class='ocrx_word' id='word_1_268' title='bbox 288 4020 386 4075; x_wconf 81' lang='lat' dir='ltr'><strong>affatus</strong></span> <span class='ocrx_word' id='word_1_269' title='bbox 404 4022 430 4073; x_wconf 75' lang='lat' dir='ltr'><em>Y</em></span> <span class='ocrx_word' id='word_1_270' title='bbox 529 4019 665 4075; x_wconf 83' lang='lat' dir='ltr'><strong>5somini</strong></span> <span class='ocrx_word' id='word_1_271' title='bbox 683 4021 733 4086; x_wconf 69' lang='lat' dir='ltr'><strong>t‘o</strong></span> <span class='ocrx_word' id='word_1_272' title='bbox 744 4020 820 4075; x_wconf 64' lang='lat' dir='ltr'><strong>Pae</strong></span> <span class='ocrx_word' id='word_1_273' title='bbox 916 4017 1042 4074; x_wconf 72' lang='lat' dir='ltr'><strong>israeiZ</strong></span> <span class='ocrx_word' id='word_1_274' title='bbox 1141 4016 1406 4087; x_wconf 72' lang='lat' dir='ltr'><strong>tpertraotmst’o</strong></span> 
     </span>
     <span class='ocr_line' id='line_1_34' title="bbox 289 4103 1405 4163; baseline -0.009 -2"><span class='ocrx_word' id='word_1_275' title='bbox 289 4106 365 4161; x_wconf 68' lang='lat' dir='ltr'><strong>Per</strong></span> <span class='ocrx_word' id='word_1_276' title='bbox 454 4107 634 4163; x_wconf 61' lang='lat' dir='ltr'><strong>amnone*</strong></span> <span class='ocrx_word' id='word_1_277' title='bbox 717 4105 879 4160; x_wconf 84' lang='lat' dir='ltr'><strong>nomineii¹</strong></span> <span class='ocrx_word' id='word_1_278' title='bbox 967 4103 1182 4160; x_wconf 76' lang='lat' dir='ltr'><strong>10isteooa0</strong></span> <span class='ocrx_word' id='word_1_279' title='bbox 1269 4105 1299 4158; x_wconf 92' lang='lat'><strong>11</strong></span> <span class='ocrx_word' id='word_1_280' title='bbox 1318 4106 1405 4157; x_wconf 87' lang='lat' dir='ltr'><strong>utrum</strong></span> 
     </span>
     <span class='ocr_line' id='line_1_35' title="bbox 288 4190 1406 4262; baseline -0.005 -17"><span class='ocrx_word' id='word_1_281' title='bbox 288 4193 318 4245; x_wconf 92' lang='grc' dir='ltr'>Π</span> <span class='ocrx_word' id='word_1_282' title='bbox 402 4194 436 4248; x_wconf 82' lang='grc'><strong>13</strong></span> <span class='ocrx_word' id='word_1_283' title='bbox 452 4208 521 4262; x_wconf 84' lang='lat' dir='ltr'>quur</span> <span class='ocrx_word' id='word_1_284' title='bbox 539 4192 573 4261; x_wconf 87' lang='lat'><strong>0,</strong></span> <span class='ocrx_word' id='word_1_285' title='bbox 591 4194 654 4247; x_wconf 78' lang='lat' dir='ltr'><strong>item</strong></span> <span class='ocrx_word' id='word_1_286' title='bbox 668 4190 747 4258; x_wconf 75' lang='lat' dir='ltr'><strong>infra</strong></span> <span class='ocrx_word' id='word_1_287' title='bbox 833 4192 859 4246; x_wconf 86' lang='lat' dir='ltr'><strong>ei</strong></span> <span class='ocrx_word' id='word_1_288' title='bbox 875 4191 1064 4260; x_wconf 71' lang='lat' dir='ltr'><strong>denegaturo</strong></span> <span class='ocrx_word' id='word_1_289' title='bbox 1153 4190 1184 4244; x_wconf 86' lang='grc'><strong>16</strong></span> <span class='ocrx_word' id='word_1_290' title='bbox 1203 4190 1237 4244; x_wconf 85' lang='lat' dir='ltr'><strong>ad</strong></span> <span class='ocrx_word' id='word_1_291' title='bbox 1255 4206 1325 4245; x_wconf 83' lang='lat' dir='ltr'><strong>eros.</strong></span> <span class='ocrx_word' id='word_1_292' title='bbox 1343 4192 1406 4242; x_wconf 77' lang='lat' dir='ltr'><strong>oste</strong></span> 
     </span>
     <span class='ocr_line' id='line_1_36' title="bbox 288 4275 1405 4347; baseline -0.005 -15"><span class='ocrx_word' id='word_1_293' title='bbox 288 4278 439 4333; x_wconf 76' lang='lat' dir='ltr'><strong>modums&#39;a</strong></span> <span class='ocrx_word' id='word_1_294' title='bbox 454 4279 484 4329; x_wconf 89' lang='grc' dir='ltr'>Π</span> <span class='ocrx_word' id='word_1_295' title='bbox 567 4277 678 4332; x_wconf 82' lang='lat' dir='ltr'><strong>cottidie</strong></span> <span class='ocrx_word' id='word_1_296' title='bbox 695 4279 721 4329; x_wconf 67' lang='lat' dir='ltr'><strong>‘t&#39;</strong></span> <span class='ocrx_word' id='word_1_297' title='bbox 803 4276 837 4331; x_wconf 84' lang='grc'><strong>17</strong></span> <span class='ocrx_word' id='word_1_298' title='bbox 854 4276 940 4347; x_wconf 83' lang='lat' dir='ltr'><strong>ipsum</strong></span> <span class='ocrx_word' id='word_1_299' title='bbox 959 4277 999 4328; x_wconf 80' lang='lat'><strong>11¹</strong></span> <span class='ocrx_word' id='word_1_300' title='bbox 1085 4276 1119 4331; x_wconf 85' lang='lat'><strong>18</strong></span> <span class='ocrx_word' id='word_1_301' title='bbox 1136 4276 1198 4345; x_wconf 84' lang='lat' dir='ltr'><strong>quit</strong></span> <span class='ocrx_word' id='word_1_302' title='bbox 1215 4275 1311 4330; x_wconf 85' lang='lat' dir='ltr'><strong>bonum</strong></span> <span class='ocrx_word' id='word_1_303' title='bbox 1330 4286 1405 4343; x_wconf 84' lang='lat' dir='ltr'><strong>quam</strong></span> 
     </span>
     <span class='ocr_line' id='line_1_37' title="bbox 288 4362 1042 4433; baseline 0 -15"><span class='ocrx_word' id='word_1_304' title='bbox 288 4366 316 4417; x_wconf 87' lang='grc' dir='ltr'><strong><em>Σ</em></strong></span> <span class='ocrx_word' id='word_1_305' title='bbox 402 4364 434 4418; x_wconf 86' lang='grc'><strong>19</strong></span> <span class='ocrx_word' id='word_1_306' title='bbox 449 4370 511 4433; x_wconf 79' lang='lat' dir='ltr'><strong>post</strong></span> <span class='ocrx_word' id='word_1_307' title='bbox 528 4363 673 4433; x_wconf 78' lang='lat' dir='ltr'><strong>denegatur</strong></span> <span class='ocrx_word' id='word_1_308' title='bbox 690 4364 722 4417; x_wconf 78' lang='lat' dir='ltr'><strong>in</strong></span> <span class='ocrx_word' id='word_1_309' title='bbox 740 4362 795 4415; x_wconf 67' lang='grc' dir='ltr'><strong>ΤΟ</strong></span> <span class='ocrx_word' id='word_1_310' title='bbox 812 4378 872 4431; x_wconf 77' lang='lat' dir='ltr'><strong>oop.</strong></span> <span class='ocrx_word' id='word_1_311' title='bbox 890 4366 926 4417; x_wconf 80' lang='lat'><strong>13</strong></span> <span class='ocrx_word' id='word_1_312' title='bbox 941 4363 1042 4432; x_wconf 69' lang='lat' dir='ltr'><strong>inepto</strong></span> 
     </span>
    </p>
   </div>
   <div class='ocr_carea' id='block_1_7' title="bbox 0 0 1510 5200">
    <p class='ocr_par' dir='ltr' id='par_1_8' title="bbox 0 0 1510 5200">
     <span class='ocr_line' id='line_1_38' title="bbox 0 0 1510 5200; baseline 0 2"><span class='ocrx_word' id='word_1_313' title='bbox 0 0 1510 5200; x_wconf 95' lang='lat' dir='ltr'><strong> </strong></span> 
     </span>
    </p>
   </div>
  </div>
 </body>
</html>
