<?xml version="1.0" encoding="UTF-8"?>
<!DOCTYPE html PUBLIC "-//W3C//DTD XHTML 1.0 Transitional//EN"
    "http://www.w3.org/TR/xhtml1/DTD/xhtml1-transitional.dtd">
<html xmlns="http://www.w3.org/1999/xhtml" xml:lang="en" lang="en">
 <head>
  <title>
</title>
<meta http-equiv="Content-Type" content="text/html;charset=utf-8" />
  <meta name='ocr-system' content='tesseract 3.04.00' />
  <meta name='ocr-capabilities' content='ocr_page ocr_carea ocr_par ocr_line ocrx_word'/>
</head>
<body>
  <div class='ocr_page' id='page_1' title='image "./corpusscriptoru14wiengoog_0103.png"; bbox 0 0 3009 5200; ppageno 0'>
   <div class='ocr_carea' id='block_1_1' title="bbox 507 424 1232 494">
    <p class='ocr_par' dir='ltr' id='par_1_1' title="bbox 507 424 1232 494">
     <span class='ocr_line' id='line_1_1' title="bbox 507 424 1232 494; baseline -0.003 -11"><span class='ocrx_word' id='word_1_1' title='bbox 507 425 665 483; x_wconf 72' lang='lat' dir='ltr'><strong>conlatio</strong></span> <span class='ocrx_word' id='word_1_2' title='bbox 684 425 736 492; x_wconf 88' lang='grc' dir='ltr'><strong>ΙΠ,</strong></span> <span class='ocrx_word' id='word_1_3' title='bbox 755 427 832 482; x_wconf 76' lang='grc'><strong>5-6.</strong></span> <span class='ocrx_word' id='word_1_4' title='bbox 1189 424 1232 494; x_wconf 73' lang='lat'><strong>73</strong></span> 
     </span>
    </p>
   </div>
   <div class='ocr_carea' id='block_1_2' title="bbox 67 614 1260 3603">
    <p class='ocr_par' dir='ltr' id='par_1_2' title="bbox 67 614 1260 3603">
     <span class='ocr_line' id='line_1_2' title="bbox 100 614 1231 700; baseline 0.002 -19"><span class='ocrx_word' id='word_1_5' title='bbox 100 614 256 700; x_wconf 77' lang='lat' dir='ltr'><strong>consistit,</strong></span> <span class='ocrx_word' id='word_1_6' title='bbox 284 616 320 681; x_wconf 89' lang='lat' dir='ltr'><strong>in</strong></span> <span class='ocrx_word' id='word_1_7' title='bbox 353 633 413 700; x_wconf 89' lang='lat' dir='ltr'><strong>qno</strong></span> <span class='ocrx_word' id='word_1_8' title='bbox 441 618 546 700; x_wconf 86' lang='lat' dir='ltr'><strong>potest</strong></span> <span class='ocrx_word' id='word_1_9' title='bbox 573 617 643 699; x_wconf 82' lang='lat' dir='ltr'><strong>quis</strong></span> <span class='ocrx_word' id='word_1_10' title='bbox 673 621 704 682; x_wconf 86' lang='lat' dir='ltr'><strong>ct</strong></span> <span class='ocrx_word' id='word_1_11' title='bbox 731 617 867 700; x_wconf 88' lang='lat' dir='ltr'><strong>optimae</strong></span> <span class='ocrx_word' id='word_1_12' title='bbox 897 617 1109 683; x_wconf 75' lang='lat' dir='ltr'><strong>concursionis</strong></span> <span class='ocrx_word' id='word_1_13' title='bbox 1130 617 1231 684; x_wconf 79' lang='lat' dir='ltr'><strong>initiis</strong></span> 
     </span>
     <span class='ocr_line' id='line_1_3' title="bbox 99 717 1231 804; baseline 0.002 -22"><span class='ocrx_word' id='word_1_14' title='bbox 99 717 266 784; x_wconf 79' lang='lat' dir='ltr'><strong>dedicatus</strong></span> <span class='ocrx_word' id='word_1_15' title='bbox 301 719 429 786; x_wconf 77' lang='lat' dir='ltr'><strong>interior</strong></span> <span class='ocrx_word' id='word_1_16' title='bbox 461 735 514 803; x_wconf 90' lang='lat' dir='ltr'><strong>per</strong></span> <span class='ocrx_word' id='word_1_17' title='bbox 546 719 776 804; x_wconf 72' lang='lat' dir='ltr'><strong>neglegentiam</strong></span> <span class='ocrx_word' id='word_1_18' title='bbox 810 720 959 803; x_wconf 79' lang='lat' dir='ltr'><strong>repperiri</strong></span> <span class='ocrx_word' id='word_1_19' title='bbox 984 724 1019 786; x_wconf 79' lang='lat' dir='ltr'><strong>ut</strong></span> <span class='ocrx_word' id='word_1_20' title='bbox 1043 719 1231 786; x_wconf 76' lang='lat' dir='ltr'><strong>umescitate</strong></span> 
     </span>
     <span class='ocr_line' id='line_1_4' title="bbox 97 823 1231 906; baseline 0 -19"><span class='ocrx_word' id='word_1_21' title='bbox 97 825 261 888; x_wconf 80' lang='lat' dir='ltr'><strong>adtractus</strong></span> <span class='ocrx_word' id='word_1_22' title='bbox 290 824 331 888; x_wconf 85' lang='lat' dir='ltr'><strong>ad</strong></span> <span class='ocrx_word' id='word_1_23' title='bbox 359 839 470 888; x_wconf 90' lang='lat' dir='ltr'><strong>nomen</strong></span> <span class='ocrx_word' id='word_1_24' title='bbox 499 824 641 890; x_wconf 81' lang='lat' dir='ltr'><strong>monachi</strong></span> <span class='ocrx_word' id='word_1_25' title='bbox 671 823 879 906; x_wconf 80' lang='lat' dir='ltr'><strong>profitendam</strong></span> <span class='ocrx_word' id='word_1_26' title='bbox 901 823 989 889; x_wconf 75' lang='lat' dir='ltr'><strong>effici</strong></span> <span class='ocrx_word' id='word_1_27' title='bbox 1009 840 1065 906; x_wconf 86' lang='lat' dir='ltr'><strong>per</strong></span> <span class='ocrx_word' id='word_1_28' title='bbox 1085 823 1231 888; x_wconf 82' lang='lat' dir='ltr'><strong>timorem</strong></span> 
     </span>
     <span class='ocr_line' id='line_1_5' title="bbox 96 925 617 1010; baseline 0.006 -19"><span class='ocrx_word' id='word_1_29' title='bbox 96 927 144 991; x_wconf 79' lang='lat' dir='ltr'><strong>dei</strong></span> <span class='ocrx_word' id='word_1_30' title='bbox 164 925 432 1010; x_wconf 68' lang='lat' dir='ltr'><strong>diligentiamque</strong></span> <span class='ocrx_word' id='word_1_31' title='bbox 452 927 617 1008; x_wconf 81' lang='lat' dir='ltr'><strong>perfectus.</strong></span> 
     </span>
     <span class='ocr_line' id='line_1_6' title="bbox 79 1045 1230 1128; baseline -0.003 -14"><span class='ocrx_word' id='word_1_32' title='bbox 79 1073 90 1114; x_wconf 75' lang='lat' dir='ltr'><strong>s</strong></span> <span class='ocrx_word' id='word_1_33' title='bbox 136 1045 193 1109; x_wconf 77' lang='lat' dir='ltr'><strong>VI.</strong></span> <span class='ocrx_word' id='word_1_34' title='bbox 220 1045 316 1112; x_wconf 84' lang='lat' dir='ltr'><strong>Nunc</strong></span> <span class='ocrx_word' id='word_1_35' title='bbox 338 1045 376 1111; x_wconf 86' lang='lat' dir='ltr'><strong>de</strong></span> <span class='ocrx_word' id='word_1_36' title='bbox 398 1045 721 1113; x_wconf 67' lang='lat' dir='ltr'><strong>abrenuntiationibus</strong></span> <span class='ocrx_word' id='word_1_37' title='bbox 751 1047 961 1113; x_wconf 70' lang='lat' dir='ltr'><strong>dissuendum</strong></span> <span class='ocrx_word' id='word_1_38' title='bbox 985 1053 1042 1124; x_wconf 87' lang='lat' dir='ltr'><strong>est,</strong></span> <span class='ocrx_word' id='word_1_39' title='bbox 1066 1061 1143 1128; x_wconf 85' lang='lat' dir='ltr'><strong>quas</strong></span> <span class='ocrx_word' id='word_1_40' title='bbox 1165 1051 1230 1111; x_wconf 89' lang='lat' dir='ltr'><strong>tres</strong></span> 
     </span>
     <span class='ocr_line' id='line_1_7' title="bbox 97 1149 1230 1234; baseline 0 -20"><span class='ocrx_word' id='word_1_41' title='bbox 97 1168 161 1214; x_wconf 85' lang='lat' dir='ltr'><strong>esse</strong></span> <span class='ocrx_word' id='word_1_42' title='bbox 189 1155 322 1232; x_wconf 85' lang='lat' dir='ltr'><strong>patrum</strong></span> <span class='ocrx_word' id='word_1_43' title='bbox 350 1149 480 1216; x_wconf 77' lang='lat' dir='ltr'><strong>traditio</strong></span> <span class='ocrx_word' id='word_1_44' title='bbox 507 1151 540 1215; x_wconf 87' lang='lat' dir='ltr'><strong>et</strong></span> <span class='ocrx_word' id='word_1_45' title='bbox 569 1150 794 1234; x_wconf 87' lang='lat' dir='ltr'><strong>scripturarum</strong></span> <span class='ocrx_word' id='word_1_46' title='bbox 823 1153 1003 1216; x_wconf 85' lang='lat' dir='ltr'><strong>sanctarum</strong></span> <span class='ocrx_word' id='word_1_47' title='bbox 1034 1151 1230 1216; x_wconf 88' lang='lat' dir='ltr'><strong>demonstrat</strong></span> 
     </span>
     <span class='ocr_line' id='line_1_8' title="bbox 96 1252 1230 1337; baseline 0.001 -22"><span class='ocrx_word' id='word_1_48' title='bbox 96 1255 283 1332; x_wconf 85' lang='lat' dir='ltr'><strong>auctoritas,</strong></span> <span class='ocrx_word' id='word_1_49' title='bbox 307 1269 443 1337; x_wconf 83' lang='lat' dir='ltr'><strong>quasque</strong></span> <span class='ocrx_word' id='word_1_50' title='bbox 464 1269 718 1337; x_wconf 86' lang='lat' dir='ltr'><strong>unumquemque</strong></span> <span class='ocrx_word' id='word_1_51' title='bbox 734 1255 875 1319; x_wconf 86' lang='lat' dir='ltr'><strong>nostrum</strong></span> <span class='ocrx_word' id='word_1_52' title='bbox 891 1252 976 1319; x_wconf 91' lang='lat' dir='ltr'><strong>omni</strong></span> <span class='ocrx_word' id='word_1_53' title='bbox 991 1253 1093 1318; x_wconf 84' lang='lat' dir='ltr'><strong>studio</strong></span> <span class='ocrx_word' id='word_1_54' title='bbox 1108 1252 1230 1335; x_wconf 76' lang='lat' dir='ltr'><strong>oportet</strong></span> 
     </span>
     <span class='ocr_line' id='line_1_9' title="bbox 95 1353 1229 1440; baseline 0.001 -20"><span class='ocrx_word' id='word_1_55' title='bbox 95 1357 231 1438; x_wconf 84' lang='lat' dir='ltr'><strong>inplere.</strong></span> <span class='ocrx_word' id='word_1_56' title='bbox 269 1355 374 1439; x_wconf 88' lang='lat' dir='ltr'><strong>prima</strong></span> <span class='ocrx_word' id='word_1_57' title='bbox 402 1357 450 1422; x_wconf 89' lang='lat' dir='ltr'><strong>est</strong></span> <span class='ocrx_word' id='word_1_58' title='bbox 473 1375 532 1439; x_wconf 88' lang='lat' dir='ltr'><strong>qua</strong></span> <span class='ocrx_word' id='word_1_59' title='bbox 555 1357 756 1440; x_wconf 78' lang='lat' dir='ltr'><strong>corporaliter</strong></span> <span class='ocrx_word' id='word_1_60' title='bbox 782 1359 948 1422; x_wconf 82' lang='lat' dir='ltr'><strong>uniuersas</strong></span> <span class='ocrx_word' id='word_1_61' title='bbox 971 1353 1098 1422; x_wconf 81' lang='lat' dir='ltr'><strong>diuitias</strong></span> <span class='ocrx_word' id='word_1_62' title='bbox 1118 1354 1229 1421; x_wconf 82' lang='lat' dir='ltr'><strong>mundi</strong></span> 
     </span>
     <span class='ocr_line' id='line_1_10' title="bbox 96 1457 1228 1544; baseline -0.001 -21"><span class='ocrx_word' id='word_1_63' title='bbox 96 1459 335 1542; x_wconf 72' lang='lat' dir='ltr'><strong>facultatesque</strong></span> <span class='ocrx_word' id='word_1_64' title='bbox 351 1461 588 1544; x_wconf 86' lang='lat' dir='ltr'><strong>contemnimus,</strong></span> <span class='ocrx_word' id='word_1_65' title='bbox 605 1461 741 1527; x_wconf 86' lang='lat' dir='ltr'><strong>secunda</strong></span> <span class='ocrx_word' id='word_1_66' title='bbox 756 1479 816 1543; x_wconf 82' lang='lat' dir='ltr'><strong>qua</strong></span> <span class='ocrx_word' id='word_1_67' title='bbox 831 1477 933 1525; x_wconf 90' lang='lat' dir='ltr'><strong>mores</strong></span> <span class='ocrx_word' id='word_1_68' title='bbox 948 1459 1075 1523; x_wconf 80' lang='lat' dir='ltr'><strong>acuitis</strong></span> <span class='ocrx_word' id='word_1_69' title='bbox 1085 1457 1228 1523; x_wconf 84' lang='lat' dir='ltr'><strong>affectus-</strong></span> 
     </span>
     <span class='ocr_line' id='line_1_11' title="bbox 69 1562 1249 1654; baseline -0.006 -23"><span class='ocrx_word' id='word_1_70' title='bbox 69 1581 154 1645; x_wconf 74' lang='lat' dir='ltr'><strong>uque</strong></span> <span class='ocrx_word' id='word_1_71' title='bbox 186 1562 342 1646; x_wconf 90' lang='lat' dir='ltr'><strong>pristinos</strong></span> <span class='ocrx_word' id='word_1_72' title='bbox 369 1563 469 1628; x_wconf 89' lang='lat' dir='ltr'><strong>animi</strong></span> <span class='ocrx_word' id='word_1_73' title='bbox 498 1565 658 1647; x_wconf 84' lang='lat' dir='ltr'><strong>comisque</strong></span> <span class='ocrx_word' id='word_1_74' title='bbox 679 1567 864 1646; x_wconf 82' lang='lat' dir='ltr'><strong>respuimus,</strong></span> <span class='ocrx_word' id='word_1_75' title='bbox 889 1562 986 1627; x_wconf 87' lang='lat' dir='ltr'><strong>tertia</strong></span> <span class='ocrx_word' id='word_1_76' title='bbox 1007 1580 1069 1644; x_wconf 86' lang='lat' dir='ltr'><strong>qna</strong></span> <span class='ocrx_word' id='word_1_77' title='bbox 1088 1563 1249 1654; x_wconf 43' lang='lat' dir='ltr'><strong>mentem·</strong></span> 
     </span>
     <span class='ocr_line' id='line_1_12' title="bbox 96 1662 1229 1749; baseline -0.002 -20"><span class='ocrx_word' id='word_1_78' title='bbox 96 1669 241 1730; x_wconf 85' lang='lat' dir='ltr'><strong>nostram</strong></span> <span class='ocrx_word' id='word_1_79' title='bbox 280 1664 317 1730; x_wconf 88' lang='lat' dir='ltr'><strong>de</strong></span> <span class='ocrx_word' id='word_1_80' title='bbox 349 1665 563 1749; x_wconf 87' lang='lat' dir='ltr'><strong>praesentibus</strong></span> <span class='ocrx_word' id='word_1_81' title='bbox 597 1665 751 1732; x_wconf 88' lang='lat' dir='ltr'><strong>uniuersis</strong></span> <span class='ocrx_word' id='word_1_82' title='bbox 786 1683 822 1731; x_wconf 85' lang='lat' dir='ltr'><strong>ce</strong></span> <span class='ocrx_word' id='word_1_83' title='bbox 854 1662 1033 1730; x_wconf 82' lang='lat' dir='ltr'><strong>risibilibus</strong></span> <span class='ocrx_word' id='word_1_84' title='bbox 1067 1667 1229 1729; x_wconf 80' lang='lat' dir='ltr'><strong>enecantes</strong></span> 
     </span>
     <span class='ocr_line' id='line_1_13' title="bbox 96 1763 1229 1853; baseline -0.001 -21"><span class='ocrx_word' id='word_1_85' title='bbox 96 1769 205 1834; x_wconf 81' lang='lat' dir='ltr'><strong>sutura</strong></span> <span class='ocrx_word' id='word_1_86' title='bbox 227 1769 446 1835; x_wconf 87' lang='lat' dir='ltr'><strong>tantummodo</strong></span> <span class='ocrx_word' id='word_1_87' title='bbox 472 1769 720 1853; x_wconf 86' lang='lat' dir='ltr'><strong>contemplamur</strong></span> <span class='ocrx_word' id='word_1_88' title='bbox 748 1771 780 1835; x_wconf 90' lang='lat' dir='ltr'><strong>ot</strong></span> <span class='ocrx_word' id='word_1_89' title='bbox 802 1787 839 1834; x_wconf 89' lang='lat' dir='ltr'><strong>ea</strong></span> <span class='ocrx_word' id='word_1_90' title='bbox 861 1786 939 1851; x_wconf 85' lang='lat' dir='ltr'><strong>quae</strong></span> <span class='ocrx_word' id='word_1_91' title='bbox 961 1769 1036 1833; x_wconf 88' lang='lat' dir='ltr'><strong>sunt</strong></span> <span class='ocrx_word' id='word_1_92' title='bbox 1057 1763 1229 1832; x_wconf 86' lang='lat' dir='ltr'><strong>inuisibilia</strong></span> 
     </span>
     <span class='ocr_line' id='line_1_14' title="bbox 97 1863 1258 1955; baseline -0.005 -19"><span class='ocrx_word' id='word_1_93' title='bbox 97 1873 359 1954; x_wconf 82' lang='lat' dir='ltr'><strong>concupiscimus.</strong></span> <span class='ocrx_word' id='word_1_94' title='bbox 397 1890 475 1954; x_wconf 84' lang='lat' dir='ltr'><strong>quae</strong></span> <span class='ocrx_word' id='word_1_95' title='bbox 497 1871 560 1938; x_wconf 88' lang='lat' dir='ltr'><strong>tria</strong></span> <span class='ocrx_word' id='word_1_96' title='bbox 582 1876 618 1938; x_wconf 87' lang='lat' dir='ltr'><strong>nt</strong></span> <span class='ocrx_word' id='word_1_97' title='bbox 640 1873 735 1938; x_wconf 89' lang='lat' dir='ltr'><strong>simul</strong></span> <span class='ocrx_word' id='word_1_98' title='bbox 750 1871 953 1955; x_wconf 87' lang='lat' dir='ltr'><strong>perficiantur</strong></span> <span class='ocrx_word' id='word_1_99' title='bbox 969 1870 1065 1936; x_wconf 85' lang='lat' dir='ltr'><strong>etiam</strong></span> <span class='ocrx_word' id='word_1_100' title='bbox 1082 1863 1258 1936; x_wconf 62' lang='lat' dir='ltr'><strong>abrahaei</strong></span> 
     </span>
     <span class='ocr_line' id='line_1_15' title="bbox 96 1973 1229 2059; baseline -0.001 -22"><span class='ocrx_word' id='word_1_101' title='bbox 96 1975 236 2059; x_wconf 80' lang='lat' dir='ltr'><strong>tegimus</strong></span> <span class='ocrx_word' id='word_1_102' title='bbox 252 1975 415 2039; x_wconf 87' lang='lat' dir='ltr'><strong>dominum</strong></span> <span class='ocrx_word' id='word_1_103' title='bbox 429 1975 630 2058; x_wconf 80' lang='lat' dir='ltr'><strong>praecepisse,</strong></span> <span class='ocrx_word' id='word_1_104' title='bbox 647 1991 717 2040; x_wconf 84' lang='lat' dir='ltr'><strong>cum</strong></span> <span class='ocrx_word' id='word_1_105' title='bbox 735 1973 814 2040; x_wconf 86' lang='lat' dir='ltr'><strong>dicit</strong></span> <span class='ocrx_word' id='word_1_106' title='bbox 829 1977 867 2040; x_wconf 86' lang='lat' dir='ltr'><strong>ad</strong></span> <span class='ocrx_word' id='word_1_107' title='bbox 883 1991 972 2040; x_wconf 89' lang='lat' dir='ltr'><strong>eum:</strong></span> <span class='ocrx_word' id='word_1_108' title='bbox 988 1973 1048 2038; x_wconf 83' lang='lat' dir='ltr'><strong>exi</strong></span> <span class='ocrx_word' id='word_1_109' title='bbox 1064 1975 1107 2039; x_wconf 83' lang='lat' dir='ltr'><strong>de</strong></span> <span class='ocrx_word' id='word_1_110' title='bbox 1120 1976 1229 2038; x_wconf 83' lang='lat' dir='ltr'><strong>terra</strong></span> 
     </span>
     <span class='ocr_line' id='line_1_16' title="bbox 69 2075 1227 2161; baseline -0.006 -15"><span class='ocrx_word' id='word_1_111' title='bbox 69 2093 179 2156; x_wconf 74' lang='lat' dir='ltr'><strong>etna,</strong></span> <span class='ocrx_word' id='word_1_112' title='bbox 210 2078 251 2142; x_wconf 89' lang='lat' dir='ltr'><strong>et</strong></span> <span class='ocrx_word' id='word_1_113' title='bbox 281 2075 325 2143; x_wconf 85' lang='lat' dir='ltr'><strong>de</strong></span> <span class='ocrx_word' id='word_1_114' title='bbox 352 2079 591 2161; x_wconf 82' lang='lat' dir='ltr'><strong>cognatione</strong></span> <span class='ocrx_word' id='word_1_115' title='bbox 618 2082 700 2157; x_wconf 85' lang='lat' dir='ltr'><strong>tua,</strong></span> <span class='ocrx_word' id='word_1_116' title='bbox 728 2083 767 2143; x_wconf 92' lang='lat' dir='ltr'><strong>et</strong></span> <span class='ocrx_word' id='word_1_117' title='bbox 797 2076 842 2142; x_wconf 85' lang='lat' dir='ltr'><strong>de</strong></span> <span class='ocrx_word' id='word_1_118' title='bbox 872 2079 982 2144; x_wconf 89' lang='lat' dir='ltr'><strong>domo</strong></span> <span class='ocrx_word' id='word_1_119' title='bbox 1005 2077 1132 2158; x_wconf 89' lang='lat' dir='ltr'><strong>patris</strong></span> <span class='ocrx_word' id='word_1_120' title='bbox 1153 2077 1227 2140; x_wconf 89' lang='lat' dir='ltr'><strong>tui.</strong></span> 
     </span>
     <span class='ocr_line' id='line_1_17' title="bbox 96 2167 1227 2264; baseline -0.004 -19"><span class='ocrx_word' id='word_1_121' title='bbox 96 2182 235 2264; x_wconf 91' lang='lat' dir='ltr'><strong>primum</strong></span> <span class='ocrx_word' id='word_1_122' title='bbox 266 2179 347 2246; x_wconf 82' lang='lat' dir='ltr'><strong>dixit</strong></span> <span class='ocrx_word' id='word_1_123' title='bbox 373 2181 418 2245; x_wconf 89' lang='lat' dir='ltr'><strong>de</strong></span> <span class='ocrx_word' id='word_1_124' title='bbox 445 2181 555 2246; x_wconf 90' lang='lat' dir='ltr'><strong>terra</strong></span> <span class='ocrx_word' id='word_1_125' title='bbox 586 2185 667 2261; x_wconf 82' lang='lat' dir='ltr'><strong>tua,</strong></span> <span class='ocrx_word' id='word_1_126' title='bbox 697 2182 802 2247; x_wconf 88' lang='lat' dir='ltr'><strong>idest</strong></span> <span class='ocrx_word' id='word_1_127' title='bbox 832 2181 869 2245; x_wconf 91' lang='lat' dir='ltr'><strong>dc</strong></span> <span class='ocrx_word' id='word_1_128' title='bbox 890 2177 1094 2246; x_wconf 84' lang='lat' dir='ltr'><strong>facultatibus</strong></span> <span class='ocrx_word' id='word_1_129' title='bbox 1118 2167 1227 2242; x_wconf 75' lang='lat' dir='ltr'><strong>munti</strong></span> 
     </span>
     <span class='ocr_line' id='line_1_18' title="bbox 98 2265 1229 2368; baseline -0.003 -20"><span class='ocrx_word' id='word_1_130' title='bbox 98 2284 190 2349; x_wconf 81' lang='lat' dir='ltr'><strong>haine</strong></span> <span class='ocrx_word' id='word_1_131' title='bbox 220 2282 397 2366; x_wconf 83' lang='lat' dir='ltr'><strong>opibusque</strong></span> <span class='ocrx_word' id='word_1_132' title='bbox 425 2283 573 2348; x_wconf 86' lang='lat' dir='ltr'><strong>terrenis:</strong></span> <span class='ocrx_word' id='word_1_133' title='bbox 602 2283 735 2349; x_wconf 81' lang='lat' dir='ltr'><strong>secundo</strong></span> <span class='ocrx_word' id='word_1_134' title='bbox 764 2287 809 2348; x_wconf 85' lang='lat' dir='ltr'><strong>de</strong></span> <span class='ocrx_word' id='word_1_135' title='bbox 830 2265 1070 2368; x_wconf 76' lang='lat' dir='ltr'><strong>cognatione</strong></span> <span class='ocrx_word' id='word_1_136' title='bbox 1090 2287 1172 2363; x_wconf 84' lang='lat' dir='ltr'><strong>tua,</strong></span> <span class='ocrx_word' id='word_1_137' title='bbox 1195 2280 1229 2346; x_wconf 80' lang='lat' dir='ltr'><strong>ic</strong></span> 
     </span>
     <span class='ocr_line' id='line_1_19' title="bbox 97 2383 1227 2470; baseline -0.002 -20"><span class='ocrx_word' id='word_1_138' title='bbox 97 2390 144 2450; x_wconf 84' lang='lat' dir='ltr'><strong>est</strong></span> <span class='ocrx_word' id='word_1_139' title='bbox 166 2388 208 2452; x_wconf 85' lang='lat' dir='ltr'><strong>de</strong></span> <span class='ocrx_word' id='word_1_140' title='bbox 232 2387 466 2452; x_wconf 87' lang='lat' dir='ltr'><strong>conuersatione</strong></span> <span class='ocrx_word' id='word_1_141' title='bbox 488 2388 520 2451; x_wconf 91' lang='lat' dir='ltr'><strong>et</strong></span> <span class='ocrx_word' id='word_1_142' title='bbox 541 2387 679 2452; x_wconf 86' lang='lat' dir='ltr'><strong>moribus</strong></span> <span class='ocrx_word' id='word_1_143' title='bbox 695 2387 846 2469; x_wconf 89' lang='lat' dir='ltr'><strong>uitiisque</strong></span> <span class='ocrx_word' id='word_1_144' title='bbox 860 2385 1026 2470; x_wconf 88' lang='lat' dir='ltr'><strong>prioribus,</strong></span> <span class='ocrx_word' id='word_1_145' title='bbox 1043 2403 1121 2467; x_wconf 88' lang='lat' dir='ltr'><strong>qnae</strong></span> <span class='ocrx_word' id='word_1_146' title='bbox 1137 2383 1227 2448; x_wconf 86' lang='lat' dir='ltr'><strong>nobis</strong></span> 
     </span>
     <span class='ocr_line' id='line_1_20' title="bbox 98 2487 1229 2570; baseline -0.003 -17"><span class='ocrx_word' id='word_1_147' title='bbox 98 2494 255 2555; x_wconf 80' lang='lat' dir='ltr'><strong>anostra</strong></span> <span class='ocrx_word' id='word_1_148' title='bbox 285 2489 455 2555; x_wconf 69' lang='lat' dir='ltr'><strong>raucitate</strong></span> <span class='ocrx_word' id='word_1_149' title='bbox 483 2491 679 2556; x_wconf 82' lang='lat' dir='ltr'><strong>cohaerentia</strong></span> <span class='ocrx_word' id='word_1_150' title='bbox 709 2491 800 2556; x_wconf 84' lang='lat' dir='ltr'><strong>uelut</strong></span> <span class='ocrx_word' id='word_1_151' title='bbox 834 2489 998 2555; x_wconf 81' lang='lat' dir='ltr'><strong>adfinitate</strong></span> <span class='ocrx_word' id='word_1_152' title='bbox 1030 2489 1166 2570; x_wconf 82' lang='lat' dir='ltr'><strong>quadum</strong></span> <span class='ocrx_word' id='word_1_153' title='bbox 1194 2487 1229 2551; x_wconf 87' lang='lat' dir='ltr'><strong>et</strong></span> 
     </span>
     <span class='ocr_line' id='line_1_21' title="bbox 67 2587 1228 2677; baseline -0.005 -18"><span class='ocrx_word' id='word_1_154' title='bbox 67 2593 370 2677; x_wconf 74' lang='lat' dir='ltr'><strong>aconsanguinitote</strong></span> <span class='ocrx_word' id='word_1_155' title='bbox 397 2596 531 2677; x_wconf 81' lang='lat' dir='ltr'><strong>cognata</strong></span> <span class='ocrx_word' id='word_1_156' title='bbox 552 2597 640 2660; x_wconf 88' lang='lat' dir='ltr'><strong>sunt:</strong></span> <span class='ocrx_word' id='word_1_157' title='bbox 670 2595 765 2660; x_wconf 90' lang='lat' dir='ltr'><strong>tertio</strong></span> <span class='ocrx_word' id='word_1_158' title='bbox 792 2592 837 2660; x_wconf 83' lang='lat' dir='ltr'><strong>de</strong></span> <span class='ocrx_word' id='word_1_159' title='bbox 865 2595 975 2660; x_wconf 86' lang='lat' dir='ltr'><strong>domo</strong></span> <span class='ocrx_word' id='word_1_160' title='bbox 996 2591 1125 2675; x_wconf 86' lang='lat' dir='ltr'><strong>patris</strong></span> <span class='ocrx_word' id='word_1_161' title='bbox 1147 2587 1228 2666; x_wconf 86' lang='lat' dir='ltr'><strong>tni,</strong></span> 
     </span>
     <span class='ocr_line' id='line_1_22' title="bbox 99 2691 1230 2778; baseline -0.005 -17"><span class='ocrx_word' id='word_1_162' title='bbox 99 2698 128 2762; x_wconf 85' lang='lat' dir='ltr'><strong>id</strong></span> <span class='ocrx_word' id='word_1_163' title='bbox 160 2704 211 2761; x_wconf 76' lang='lat' dir='ltr'><strong>cst</strong></span> <span class='ocrx_word' id='word_1_164' title='bbox 240 2700 328 2762; x_wconf 92' lang='lat' dir='ltr'><strong>omni</strong></span> <span class='ocrx_word' id='word_1_165' title='bbox 357 2696 508 2762; x_wconf 88' lang='lat' dir='ltr'><strong>memoria</strong></span> <span class='ocrx_word' id='word_1_166' title='bbox 536 2698 645 2761; x_wconf 85' lang='lat' dir='ltr'><strong>mundi</strong></span> <span class='ocrx_word' id='word_1_167' title='bbox 680 2696 774 2762; x_wconf 88' lang='lat' dir='ltr'><strong>huius</strong></span> <span class='ocrx_word' id='word_1_168' title='bbox 801 2709 881 2778; x_wconf 83' lang='lat' dir='ltr'><strong>qnae</strong></span> <span class='ocrx_word' id='word_1_169' title='bbox 908 2696 1067 2761; x_wconf 85' lang='lat' dir='ltr'><strong>oculorum</strong></span> <span class='ocrx_word' id='word_1_170' title='bbox 1093 2691 1230 2758; x_wconf 87' lang='lat' dir='ltr'><strong>occurrit</strong></span> 
     </span>
     <span class='ocr_line' id='line_1_23' title="bbox 100 2795 1260 2882; baseline 0 -19"><span class='ocrx_word' id='word_1_171' title='bbox 100 2799 276 2867; x_wconf 83' lang='lat' dir='ltr'><strong>obtutibus.</strong></span> <span class='ocrx_word' id='word_1_172' title='bbox 317 2800 355 2863; x_wconf 87' lang='lat' dir='ltr'><strong>de</strong></span> <span class='ocrx_word' id='word_1_173' title='bbox 383 2802 502 2865; x_wconf 86' lang='lat' dir='ltr'><strong>duobus</strong></span> <span class='ocrx_word' id='word_1_174' title='bbox 533 2802 614 2864; x_wconf 89' lang='lat' dir='ltr'><strong>enim</strong></span> <span class='ocrx_word' id='word_1_175' title='bbox 644 2798 797 2882; x_wconf 84' lang='lat' dir='ltr'><strong>patribus,</strong></span> <span class='ocrx_word' id='word_1_176' title='bbox 819 2799 853 2864; x_wconf 79' lang='lat' dir='ltr'><strong>ic</strong></span> <span class='ocrx_word' id='word_1_177' title='bbox 877 2802 927 2864; x_wconf 89' lang='lat' dir='ltr'><strong>est</strong></span> <span class='ocrx_word' id='word_1_178' title='bbox 948 2799 1016 2863; x_wconf 81' lang='lat' dir='ltr'><strong>sine</strong></span> <span class='ocrx_word' id='word_1_179' title='bbox 1037 2797 1077 2862; x_wconf 87' lang='lat' dir='ltr'><strong>de</strong></span> <span class='ocrx_word' id='word_1_180' title='bbox 1097 2795 1155 2861; x_wconf 89' lang='lat' dir='ltr'><strong>illo</strong></span> <span class='ocrx_word' id='word_1_181' title='bbox 1175 2796 1260 2879; x_wconf 70' lang='lat' dir='ltr'><strong>quit</strong></span> 
     </span>
     <span class='ocr_line' id='line_1_24' title="bbox 99 2898 1230 2986; baseline -0.005 -19"><span class='ocrx_word' id='word_1_182' title='bbox 99 2904 292 2968; x_wconf 82' lang='lat' dir='ltr'><strong>deserendus</strong></span> <span class='ocrx_word' id='word_1_183' title='bbox 322 2904 388 2968; x_wconf 88' lang='lat' dir='ltr'><strong>sine</strong></span> <span class='ocrx_word' id='word_1_184' title='bbox 416 2904 455 2967; x_wconf 84' lang='lat' dir='ltr'><strong>de</strong></span> <span class='ocrx_word' id='word_1_185' title='bbox 481 2920 517 2966; x_wconf 86' lang='lat' dir='ltr'><strong>eo</strong></span> <span class='ocrx_word' id='word_1_186' title='bbox 546 2900 599 2984; x_wconf 90' lang='lat' dir='ltr'><strong>qni</strong></span> <span class='ocrx_word' id='word_1_187' title='bbox 628 2903 816 2986; x_wconf 79' lang='lat' dir='ltr'><strong>expetendus</strong></span> <span class='ocrx_word' id='word_1_188' title='bbox 839 2905 896 2981; x_wconf 86' lang='lat' dir='ltr'><strong>est,</strong></span> <span class='ocrx_word' id='word_1_189' title='bbox 924 2901 969 2967; x_wconf 87' lang='lat' dir='ltr'><strong>ita</strong></span> <span class='ocrx_word' id='word_1_190' title='bbox 990 2918 1045 2984; x_wconf 87' lang='lat' dir='ltr'><strong>por</strong></span> <span class='ocrx_word' id='word_1_191' title='bbox 1067 2898 1170 2964; x_wconf 74' lang='lat' dir='ltr'><strong>Daniel</strong></span> <span class='ocrx_word' id='word_1_192' title='bbox 1191 2911 1230 2962; x_wconf 82' lang='lat' dir='ltr'><strong>er</strong></span> 
     </span>
     <span class='ocr_line' id='line_1_25' title="bbox 100 3001 1230 3089; baseline -0.004 -17"><span class='ocrx_word' id='word_1_193' title='bbox 100 3025 230 3087; x_wconf 83' lang='lat' dir='ltr'><strong>persona</strong></span> <span class='ocrx_word' id='word_1_194' title='bbox 265 3005 316 3072; x_wconf 81' lang='lat' dir='ltr'><strong>dei</strong></span> <span class='ocrx_word' id='word_1_195' title='bbox 347 3006 483 3069; x_wconf 80' lang='lat' dir='ltr'><strong>canitur:</strong></span> <span class='ocrx_word' id='word_1_196' title='bbox 517 3005 625 3083; x_wconf 86' lang='lat' dir='ltr'><strong>andi,</strong></span> <span class='ocrx_word' id='word_1_197' title='bbox 661 3004 767 3089; x_wconf 81' lang='lat' dir='ltr'><strong>iiiia,</strong></span> <span class='ocrx_word' id='word_1_198' title='bbox 802 3004 841 3069; x_wconf 89' lang='lat' dir='ltr'><strong>et</strong></span> <span class='ocrx_word' id='word_1_199' title='bbox 871 3005 975 3083; x_wconf 85' lang='lat' dir='ltr'><strong>uide,</strong></span> <span class='ocrx_word' id='word_1_200' title='bbox 1008 3006 1048 3067; x_wconf 89' lang='lat' dir='ltr'><strong>et</strong></span> <span class='ocrx_word' id='word_1_201' title='bbox 1074 3001 1230 3067; x_wconf 74' lang='lat' dir='ltr'><strong>inclina</strong></span> 
     </span>
     <span class='ocr_line' id='line_1_26' title="bbox 69 3104 1245 3191; baseline -0.008 -15"><span class='ocrx_word' id='word_1_202' title='bbox 69 3126 230 3177; x_wconf 72' lang='lat' dir='ltr'><strong>saure-m</strong></span> <span class='ocrx_word' id='word_1_203' title='bbox 276 3113 399 3173; x_wconf 86' lang='lat' dir='ltr'><strong>tuam:</strong></span> <span class='ocrx_word' id='word_1_204' title='bbox 438 3108 477 3172; x_wconf 92' lang='lat' dir='ltr'><strong>et</strong></span> <span class='ocrx_word' id='word_1_205' title='bbox 513 3107 758 3174; x_wconf 88' lang='lat' dir='ltr'><strong>obliuiscere</strong></span> <span class='ocrx_word' id='word_1_206' title='bbox 801 3108 987 3191; x_wconf 84' lang='lat' dir='ltr'><strong>populum</strong></span> <span class='ocrx_word' id='word_1_207' title='bbox 1024 3109 1152 3181; x_wconf 87' lang='lat' dir='ltr'><strong>tunm,</strong></span> <span class='ocrx_word' id='word_1_208' title='bbox 1190 3104 1245 3167; x_wconf 83' lang='lat' dir='ltr'><strong>et-</strong></span> 
     </span>
     <span class='ocr_line' id='line_1_27' title="bbox 100 3206 1229 3296; baseline -0.004 -19"><span class='ocrx_word' id='word_1_209' title='bbox 100 3213 255 3277; x_wconf 83' lang='lat' dir='ltr'><strong>iomnm</strong></span> <span class='ocrx_word' id='word_1_210' title='bbox 290 3212 421 3296; x_wconf 87' lang='lat' dir='ltr'><strong>patris</strong></span> <span class='ocrx_word' id='word_1_211' title='bbox 454 3210 522 3277; x_wconf 90' lang='lat' dir='ltr'><strong>tni.</strong></span> <span class='ocrx_word' id='word_1_212' title='bbox 562 3227 635 3276; x_wconf 85' lang='lat' dir='ltr'><strong>nam</strong></span> <span class='ocrx_word' id='word_1_213' title='bbox 665 3212 719 3293; x_wconf 84' lang='lat' dir='ltr'><strong>qni</strong></span> <span class='ocrx_word' id='word_1_214' title='bbox 745 3210 825 3276; x_wconf 80' lang='lat' dir='ltr'><strong>dicit</strong></span> <span class='ocrx_word' id='word_1_215' title='bbox 856 3210 965 3289; x_wconf 81' lang='lat' dir='ltr'><strong>audi,</strong></span> <span class='ocrx_word' id='word_1_216' title='bbox 999 3206 1106 3287; x_wconf 81' lang='lat' dir='ltr'><strong>filia,</strong></span> <span class='ocrx_word' id='word_1_217' title='bbox 1140 3208 1229 3291; x_wconf 80' lang='lat' dir='ltr'><strong>pater</strong></span> 
     </span>
     <span class='ocr_line' id='line_1_28' title="bbox 100 3310 1228 3398; baseline -0.004 -19"><span class='ocrx_word' id='word_1_218' title='bbox 100 3316 210 3398; x_wconf 66' lang='lat' dir='ltr'><strong>nmque</strong></span> <span class='ocrx_word' id='word_1_219' title='bbox 232 3316 290 3394; x_wconf 86' lang='lat' dir='ltr'><strong>cst,</strong></span> <span class='ocrx_word' id='word_1_220' title='bbox 314 3318 347 3379; x_wconf 89' lang='lat' dir='ltr'><strong>ot</strong></span> <span class='ocrx_word' id='word_1_221' title='bbox 366 3314 469 3393; x_wconf 85' lang='lat' dir='ltr'><strong>illum,</strong></span> <span class='ocrx_word' id='word_1_222' title='bbox 493 3314 582 3380; x_wconf 89' lang='lat' dir='ltr'><strong>cuins</strong></span> <span class='ocrx_word' id='word_1_223' title='bbox 604 3314 730 3380; x_wconf 88' lang='lat' dir='ltr'><strong>domum</strong></span> <span class='ocrx_word' id='word_1_224' title='bbox 745 3313 797 3379; x_wconf 86' lang='lat' dir='ltr'><strong>uel</strong></span> <span class='ocrx_word' id='word_1_225' title='bbox 811 3312 962 3396; x_wconf 87' lang='lat' dir='ltr'><strong>populum</strong></span> <span class='ocrx_word' id='word_1_226' title='bbox 976 3310 1130 3377; x_wconf 72' lang='lat' dir='ltr'><strong>obliuioni</strong></span> <span class='ocrx_word' id='word_1_227' title='bbox 1145 3310 1228 3375; x_wconf 75' lang='lat' dir='ltr'><strong>tradi</strong></span> 
     </span>
     <span class='ocr_line' id='line_1_29' title="bbox 102 3412 1227 3502; baseline -0.009 -18"><span class='ocrx_word' id='word_1_228' title='bbox 102 3418 211 3485; x_wconf 82' lang='lat' dir='ltr'><strong>debere</strong></span> <span class='ocrx_word' id='word_1_229' title='bbox 233 3418 410 3501; x_wconf 79' lang='lat' dir='ltr'><strong>percuciet,</strong></span> <span class='ocrx_word' id='word_1_230' title='bbox 426 3422 547 3502; x_wconf 87' lang='lat' dir='ltr'><strong>patrem</strong></span> <span class='ocrx_word' id='word_1_231' title='bbox 561 3416 767 3483; x_wconf 87' lang='lat' dir='ltr'><strong>nihilominus</strong></span> <span class='ocrx_word' id='word_1_232' title='bbox 781 3434 855 3481; x_wconf 88' lang='lat' dir='ltr'><strong>snae</strong></span> <span class='ocrx_word' id='word_1_233' title='bbox 870 3412 953 3481; x_wconf 82' lang='lat' dir='ltr'><strong>bitae</strong></span> <span class='ocrx_word' id='word_1_234' title='bbox 967 3415 1064 3481; x_wconf 80' lang='lat' dir='ltr'><strong>fnisse</strong></span> <span class='ocrx_word' id='word_1_235' title='bbox 1080 3413 1227 3479; x_wconf 89' lang='lat' dir='ltr'><strong>testatur.</strong></span> 
     </span>
     <span class='ocr_line' id='line_1_30' title="bbox 103 3514 1228 3603; baseline -0.006 -18"><span class='ocrx_word' id='word_1_236' title='bbox 103 3521 183 3603; x_wconf 79' lang='lat' dir='ltr'><strong>qnod</strong></span> <span class='ocrx_word' id='word_1_237' title='bbox 204 3522 254 3586; x_wconf 87' lang='lat' dir='ltr'><strong>ita</strong></span> <span class='ocrx_word' id='word_1_238' title='bbox 274 3518 321 3601; x_wconf 76' lang='lat' dir='ltr'><strong>fit</strong></span> <span class='ocrx_word' id='word_1_239' title='bbox 345 3540 417 3588; x_wconf 88' lang='lat' dir='ltr'><strong>oum</strong></span> <span class='ocrx_word' id='word_1_240' title='bbox 439 3521 618 3587; x_wconf 86' lang='lat' dir='ltr'><strong>mortificati</strong></span> <span class='ocrx_word' id='word_1_241' title='bbox 641 3539 712 3587; x_wconf 88' lang='lat' dir='ltr'><strong>oum</strong></span> <span class='ocrx_word' id='word_1_242' title='bbox 735 3518 861 3587; x_wconf 81' lang='lat' dir='ltr'><strong>Christo</strong></span> <span class='ocrx_word' id='word_1_243' title='bbox 883 3516 923 3584; x_wconf 86' lang='lat' dir='ltr'><strong>ab</strong></span> <span class='ocrx_word' id='word_1_244' title='bbox 947 3516 1112 3583; x_wconf 87' lang='lat' dir='ltr'><strong>elementis</strong></span> <span class='ocrx_word' id='word_1_245' title='bbox 1134 3514 1228 3579; x_wconf 88' lang='lat' dir='ltr'><strong>huius</strong></span> 
     </span>
    </p>
   </div>
   <div class='ocr_carea' id='block_1_3' title="bbox 205 3692 776 3797">
    <p class='ocr_par' dir='ltr' id='par_1_3' title="bbox 205 3692 776 3797">
     <span class='ocr_line' id='line_1_31' title="bbox 205 3692 776 3797; baseline -0.002 -12"><span class='ocrx_word' id='word_1_246' title='bbox 205 3732 241 3786; x_wconf 83' lang='lat'><strong>14</strong></span> <span class='ocrx_word' id='word_1_247' title='bbox 258 3731 326 3787; x_wconf 75' lang='lat' dir='ltr'><strong>mn.</strong></span> <span class='ocrx_word' id='word_1_248' title='bbox 345 3734 418 3797; x_wconf 74' lang='lat' dir='ltr'><strong>rar</strong></span> <span class='ocrx_word' id='word_1_249' title='bbox 523 3732 558 3786; x_wconf 82' lang='lat'><strong>24</strong></span> <span class='ocrx_word' id='word_1_250' title='bbox 575 3732 619 3787; x_wconf 70' lang='lat' dir='ltr'><strong>rs.</strong></span> <span class='ocrx_word' id='word_1_251' title='bbox 637 3732 679 3797; x_wconf 79' lang='lat'><strong>44,</strong></span> <span class='ocrx_word' id='word_1_252' title='bbox 700 3731 730 3785; x_wconf 91' lang='lat'><strong>11</strong></span> <span class='ocrx_word' id='word_1_253' title='bbox 772 3692 776 3699; x_wconf 67' lang='grc'><strong>’</strong></span> 
     </span>
    </p>
   </div>
   <div class='ocr_carea' id='block_1_4' title="bbox 110 3921 1232 4423">
    <p class='ocr_par' dir='ltr' id='par_1_4' title="bbox 110 3921 1232 4423">
     <span class='ocr_line' id='line_1_32' title="bbox 157 3921 1230 3995; baseline -0.002 -16"><span class='ocrx_word' id='word_1_254' title='bbox 157 3925 171 3979; x_wconf 93' lang='lat'>1</span> <span class='ocrx_word' id='word_1_255' title='bbox 199 3926 227 3979; x_wconf 87' lang='lat' dir='ltr'><strong>et</strong></span> <span class='ocrx_word' id='word_1_256' title='bbox 252 3942 303 3981; x_wconf 78' lang='lat' dir='ltr'><strong>oca.</strong></span> <span class='ocrx_word' id='word_1_257' title='bbox 334 3926 358 3981; x_wconf 89' lang='lat'><em>0</em></span> <span class='ocrx_word' id='word_1_258' title='bbox 465 3926 566 3995; x_wconf 87' lang='lat' dir='ltr'><strong>optime</strong></span> <span class='ocrx_word' id='word_1_259' title='bbox 591 3921 722 3981; x_wconf 83' lang='lat' dir='ltr'><strong><em>DWPX</em></strong></span> <span class='ocrx_word' id='word_1_260' title='bbox 756 3924 857 3979; x_wconf 89' lang='lat' dir='ltr'><strong>obtime</strong></span> <span class='ocrx_word' id='word_1_261' title='bbox 888 3924 911 3981; x_wconf 91' lang='lat'><strong><em>0</em></strong></span> <span class='ocrx_word' id='word_1_262' title='bbox 1017 3924 1230 3978; x_wconf 82' lang='lat' dir='ltr'><strong>conuersationis</strong></span> 
     </span>
     <span class='ocr_line' id='line_1_33' title="bbox 110 4006 1162 4085; baseline -0.002 -20"><span class='ocrx_word' id='word_1_263' title='bbox 110 4012 132 4065; x_wconf 82' lang='grc'>0</span> <span class='ocrx_word' id='word_1_264' title='bbox 212 4011 380 4083; x_wconf 63' lang='lat' dir='ltr'><strong>tmpperire</strong></span> <span class='ocrx_word' id='word_1_265' title='bbox 396 4010 438 4066; x_wconf 90' lang='lat' dir='ltr'><strong>D¹</strong></span> <span class='ocrx_word' id='word_1_266' title='bbox 465 4011 626 4085; x_wconf 77' lang='lat' dir='ltr'><strong>repeririX</strong></span> <span class='ocrx_word' id='word_1_267' title='bbox 710 4012 841 4065; x_wconf 84' lang='lat' dir='ltr'><strong>3timore</strong></span> <span class='ocrx_word' id='word_1_268' title='bbox 857 4006 887 4065; x_wconf 89' lang='lat' dir='ltr'><em>D</em></span> <span class='ocrx_word' id='word_1_269' title='bbox 967 4010 1001 4064; x_wconf 90' lang='lat'><strong>10</strong></span> <span class='ocrx_word' id='word_1_270' title='bbox 1017 4011 1104 4064; x_wconf 86' lang='lat' dir='ltr'><strong>carnis</strong></span> <span class='ocrx_word' id='word_1_271' title='bbox 1121 4009 1162 4063; x_wconf 89' lang='lat' dir='ltr'><strong>D¹</strong></span> 
     </span>
     <span class='ocr_line' id='line_1_34' title="bbox 110 4089 1232 4164; baseline 0.002 -17"><span class='ocrx_word' id='word_1_272' title='bbox 110 4097 139 4149; x_wconf 91' lang='lat' dir='ltr'><strong>ll</strong></span> <span class='ocrx_word' id='word_1_273' title='bbox 151 4100 300 4152; x_wconf 82' lang='lat' dir='ltr'><strong>reuocantes</strong></span> <span class='ocrx_word' id='word_1_274' title='bbox 313 4096 342 4152; x_wconf 91' lang='lat' dir='ltr'><strong>P</strong></span> <span class='ocrx_word' id='word_1_275' title='bbox 436 4096 572 4152; x_wconf 71' lang='lat' dir='ltr'><strong>ltscom.</strong></span> <span class='ocrx_word' id='word_1_276' title='bbox 589 4089 655 4153; x_wconf 79' lang='lat' dir='ltr'><strong>WP</strong></span> <span class='ocrx_word' id='word_1_277' title='bbox 744 4094 776 4149; x_wconf 80' lang='lat'><strong>13</strong></span> <span class='ocrx_word' id='word_1_278' title='bbox 788 4096 998 4164; x_wconf 85' lang='lat' dir='ltr'><strong>concupiscimur</strong></span> <span class='ocrx_word' id='word_1_279' title='bbox 1011 4094 1051 4150; x_wconf 83' lang='lat' dir='ltr'><strong><em>W</em></strong></span> <span class='ocrx_word' id='word_1_280' title='bbox 1134 4094 1232 4149; x_wconf 82' lang='lat' dir='ltr'><strong>bebra-</strong></span> 
     </span>
     <span class='ocr_line' id='line_1_35' title="bbox 111 4179 1232 4251; baseline -0.001 -15"><span class='ocrx_word' id='word_1_281' title='bbox 111 4184 156 4236; x_wconf 80' lang='lat' dir='ltr'><strong>bne</strong></span> <span class='ocrx_word' id='word_1_282' title='bbox 170 4182 232 4241; x_wconf 62' lang='grc' dir='ltr'><strong>ΝΡ</strong></span> <span class='ocrx_word' id='word_1_283' title='bbox 245 4182 374 4241; x_wconf 84' lang='lat' dir='ltr'><strong>abrabam</strong></span> <span class='ocrx_word' id='word_1_284' title='bbox 388 4182 421 4238; x_wconf 87' lang='lat' dir='ltr'>X</span> <span class='ocrx_word' id='word_1_285' title='bbox 509 4184 658 4239; x_wconf 70' lang='lat' dir='ltr'><strong>ltadenm</strong></span> <span class='ocrx_word' id='word_1_286' title='bbox 672 4192 723 4237; x_wconf 79' lang='lat' dir='ltr'><strong>om.</strong></span> <span class='ocrx_word' id='word_1_287' title='bbox 738 4179 804 4238; x_wconf 82' lang='lat' dir='ltr'><strong>WO</strong></span> <span class='ocrx_word' id='word_1_288' title='bbox 893 4181 929 4235; x_wconf 74' lang='lat'><strong>2⁰</strong></span> <span class='ocrx_word' id='word_1_289' title='bbox 945 4184 1060 4251; x_wconf 76' lang='lat' dir='ltr'><strong>cognata</strong></span> <span class='ocrx_word' id='word_1_290' title='bbox 1077 4180 1151 4251; x_wconf 86' lang='lat' dir='ltr'><strong>sunt]</strong></span> <span class='ocrx_word' id='word_1_291' title='bbox 1170 4182 1232 4236; x_wconf 86' lang='lat' dir='ltr'><strong>iun·</strong></span> 
     </span>
     <span class='ocr_line' id='line_1_36' title="bbox 113 4263 1231 4337; baseline -0.002 -14"><span class='ocrx_word' id='word_1_292' title='bbox 113 4272 203 4337; x_wconf 78' lang='lat' dir='ltr'><strong>guntur</strong></span> <span class='ocrx_word' id='word_1_293' title='bbox 216 4273 253 4328; x_wconf 80' lang='lat' dir='ltr'><strong><em>W</em></strong></span> <span class='ocrx_word' id='word_1_294' title='bbox 268 4269 418 4327; x_wconf 76' lang='lat' dir='ltr'><strong>coniuncta</strong></span> <span class='ocrx_word' id='word_1_295' title='bbox 429 4272 494 4323; x_wconf 87' lang='lat' dir='ltr'><strong>sunt</strong></span> <span class='ocrx_word' id='word_1_296' title='bbox 509 4268 532 4324; x_wconf 91' lang='lat'><strong><em>0</em></strong></span> <span class='ocrx_word' id='word_1_297' title='bbox 610 4270 644 4325; x_wconf 80' lang='lat'><strong>21</strong></span> <span class='ocrx_word' id='word_1_298' title='bbox 656 4267 808 4324; x_wconf 86' lang='lat' dir='ltr'><strong>occulorum</strong></span> <span class='ocrx_word' id='word_1_299' title='bbox 820 4263 862 4323; x_wconf 66' lang='grc' dir='ltr'><strong>Β*</strong></span> <span class='ocrx_word' id='word_1_300' title='bbox 942 4268 977 4321; x_wconf 78' lang='lat'><strong>23</strong></span> <span class='ocrx_word' id='word_1_301' title='bbox 988 4267 1034 4337; x_wconf 88' lang='lat' dir='ltr'><strong>qni</strong></span> <span class='ocrx_word' id='word_1_302' title='bbox 1042 4273 1106 4336; x_wconf 81' lang='lat' dir='ltr'><strong>pcst</strong></span> <span class='ocrx_word' id='word_1_303' title='bbox 1117 4282 1148 4322; x_wconf 84' lang='lat' dir='ltr'><strong>ex</strong></span> <span class='ocrx_word' id='word_1_304' title='bbox 1160 4281 1231 4322; x_wconf 81' lang='lat' dir='ltr'><strong>erce.</strong></span> 
     </span>
     <span class='ocr_line' id='line_1_37' title="bbox 113 4351 1165 4423; baseline -0.002 -14"><span class='ocrx_word' id='word_1_305' title='bbox 113 4358 179 4413; x_wconf 73' lang='lat' dir='ltr'><strong>inl)</strong></span> <span class='ocrx_word' id='word_1_306' title='bbox 258 4352 509 4413; x_wconf 72' lang='lat' dir='ltr'><strong>succurrerem</strong></span> <span class='ocrx_word' id='word_1_307' title='bbox 595 4352 686 4409; x_wconf 77' lang='grc' dir='ltr'><strong>29ιῆ</strong></span> <span class='ocrx_word' id='word_1_308' title='bbox 702 4354 761 4409; x_wconf 79' lang='lat' dir='ltr'><strong>DP</strong></span> <span class='ocrx_word' id='word_1_309' title='bbox 847 4351 1106 4423; x_wconf 63' lang='lat' dir='ltr'><strong>contristem</strong></span> <span class='ocrx_word' id='word_1_310' title='bbox 1127 4352 1165 4407; x_wconf 83' lang='lat' dir='ltr'><em>W</em></span> 
     </span>
    </p>
   </div>
   <div class='ocr_carea' id='block_1_5' title="bbox 0 0 1510 5200">
    <p class='ocr_par' dir='ltr' id='par_1_5' title="bbox 0 0 1510 5200">
     <span class='ocr_line' id='line_1_38' title="bbox 0 0 1510 5200; baseline 0 1"><span class='ocrx_word' id='word_1_311' title='bbox 0 0 1510 5200; x_wconf 95' lang='lat' dir='ltr'><strong> </strong></span> 
     </span>
    </p>
   </div>
  </div>
 </body>
</html>
