3009 5200
458 458 617 515 conlatio
642 458 703 525 Vll,
724 458 834 514 17-20.
1149 461 1209 527 197

64 650 228 731 certaque
260 650 350 714 uitiis
374 651 468 732 atque
492 651 682 731 temporibus
712 670 832 715 exerere
861 651 1102 733 inpugnationes
1124 670 1203 726 suas,

64 753 138 815 hinc
162 751 289 833 liquido
313 754 546 836 conprohamus,
571 756 643 835 quia
664 754 771 818 nullus
789 754 891 835 potest
912 753 1008 818 simul
1023 753 1207 818 cenodoxiae

63 856 212 921 uanitate
239 856 348 921 deludi
373 861 405 921 et
427 836 677 939 concupiscential
690 857 902 922 fornicationis
920 858 1016 939 exuri,
1033 876 1089 921 nec
1104 860 1206 940 potest

62 959 189 1023 tumida
221 959 331 1025 inflari
362 961 494 1026 elatione
517 960 681 1044 superbiae
708 961 858 1043 spiritalis
882 965 914 1024 et
935 960 1068 1025 carnalis
1090 961 1205 1043 gastri-

44 1063 209 1146 smargiae
236 1064 359 1146 pariter
381 1064 558 1129 hnmilitate
581 1064 736 1129 submitti.
772 1082 829 1128 neo
844 1069 947 1147 potest
963 1066 1032 1147 quis
1047 1061 1237 1129 cachinnis3

60 1167 160 1230 istuis
203 1169 337 1249 risuque
376 1168 504 1232 dissolui
542 1171 572 1231 et
610 1168 789 1232 iracundiae
826 1167 883 1243 snb
921 1168 1029 1234 eodem
1066 1173 1205 1248 tempore

59 1270 207 1333 stimulis
252 1270 380 1334 incitari
420 1290 474 1335 sen
510 1272 593 1335 certe
631 1270 733 1335 educis
772 1270 919 1335 tristitiae
955 1288 1093 1335 maerore
1130 1288 1204 1351 sup·

59 1373 152 1453 pleri,
177 1372 242 1436 sed
265 1392 391 1438 necesso
422 1378 467 1438 est
497 1392 746 1456 unumquemque
773 1374 920 1456 spiritum
946 1374 991 1440 itu
1017 1373 1203 1457 singillatim

58 1476 338 1558 inpugnationem
363 1476 476 1541 mentis
498 1477 651 1559 adripere,
675 1478 710 1541 ut
733 1496 805 1541 oum
821 1484 877 1543 aut
892 1478 995 1543 uictus
1011 1476 1202 1553 abscesserit,

31 1579 111 1644 nulii
138 1599 215 1643 eam
243 1580 371 1662 spiritui
394 1579 484 1644 cedat
506 1580 608 1644 acrius
631 1581 874 1665 impugnandam,
890 1583 945 1646 eut
962 1583 1045 1646 certe
1060 1582 1087 1645 si
1103 1580 1204 1644 uictor

58 1682 223 1762 extiterit,
250 1685 343 1747 alteri
367 1683 568 1748 nihilominus
592 1685 694 1748 tradat
717 1684 866 1748 similiter
886 1684 1099 1749 inludendam.

98 1802 173 1868 XX.
217 1804 307 1868 Illud
343 1804 438 1868 etiam
471 1822 663 1887 nequaqnam
695 1804 840 1886 ignorare
874 1804 1020 1869 debemus
1047 1821 1109 1867 non
1137 1822 1203 1867 esse
1235 1886 1241 1895 .

57 1926 167 1971 omnes
206 1906 354 1971 eiusdem
384 1906 555 1971 ferocitatis
578 1924 612 1971 ac
635 1906 792 1983 desiderii,
821 1908 875 1971 sed
899 1927 938 1971 ne
960 1908 1053 1971 nnius
1075 1906 1201 1988 quidem

58 2011 268 2075 tortitudinis
305 2015 398 2092 atque
434 2010 598 2092 nequitiae,
634 2014 664 2075 et
693 2010 916 2093 incipientibus
951 2012 1075 2091 quidem
1109 2014 1202 2092 atque

31 2114 197 2178 ainlirmis
233 2131 300 2175 non
331 2112 390 2176 nisi
419 2112 601 2177 infirmiores
629 2112 758 2193 spiritus
788 2113 821 2176 in
849 2114 1019 2177 certamine
1041 2114 1202 2193 conparari

58 2233 87 2280 ct
110 2219 161 2281 his
188 2214 350 2297 nequitiis
366 2215 557 2298 spiritalibus
573 2214 726 2298 superatis
745 2216 902 2298 gradatim
919 2235 1040 2299 semper
1055 2216 1200 2279 aduersus

57 2320 222 2383 athletam
239 2318 360 2382 Christi
379 2319 587 2383 robustiorum
605 2336 723 2401 pugnas
739 2319 875 2383 accendi.
910 2336 965 2401 pro
983 2319 1200 2399 conparatione

57 2425 222 2505 siqnidem
254 2423 373 2486 rririum
403 2440 438 2485 ac
461 2420 618 2501 profectus
650 2422 777 2486 humaui
808 2422 902 2485 etiam
931 2420 1102 2485 difficultas
1125 2438 1198 2485 con·

58 2526 251 2590 luctationis
282 2529 420 2609 angetur.
467 2523 552 2588 nullo
583 2524 698 2588 etenim
732 2523 821 2588 modo
856 2524 987 2607 quilibet
1021 2526 1230 2590 sanctorum2

31 2631 227 2695 nsnfficeret
251 2629 367 2694 talium
388 2631 608 2710 tantorumque
636 2627 774 2693 hostium
801 2629 929 2693 sufferre
951 2627 1125 2710 nequitiam
1148 2626 1199 2690 uel

58 2733 188 2798 insidiis
224 2749 335 2797 eornm
363 2735 467 2813 posset
492 2750 658 2814 occurrere,
684 2734 738 2797 sed
768 2751 806 2798 ne
830 2731 1049 2797 crudelitatem
1072 2728 1199 2814 quidem

57 2855 89 2900 sc
110 2838 296 2901 saeuitiam
319 2835 481 2913 sustinere,
504 2834 531 2898 si
554 2854 612 2899 non
636 2835 800 2900 certamini
816 2839 922 2900 nostro
938 2834 1199 2900 elementissimus

57 2941 180 3005 arbiter
220 2941 317 3021 atque
351 2939 536 3020 agonotheta
569 2939 747 3022 praesidens
777 2937 917 3002 Christus
951 2942 981 3002 et
1016 2937 1199 3020 exaequaret

57 3042 324 3108 conluctantium
370 3042 451 3107 uires
488 3047 519 3106 et
556 3043 767 3107 inmoderatos
810 3059 914 3106 eorum
963 3040 1126 3126 repelleret
1163 3059 1199 3106 uc

29 3147 238 3211 srefrenaret
266 3145 408 3209 incursus
431 3145 604 3227 laceretque
632 3164 703 3208 oum
726 3145 932 3228 temptatione
955 3149 987 3210 et
1010 3145 1138 3226 exitum,
1163 3145 1199 3209 ut

55 3251 222 3314 sustinere
246 3249 408 3332 possimus.

162 3481 205 3534 25
224 3479 262 3532 el.
280 3479 294 3534 1
313 3477 372 3532 Cor.
392 3479 431 3543 10,
451 3479 483 3532 13

104 3697 119 3748 l
152 3693 250 3761 adque
280 3688 333 3744 VP
480 3705 581 3744 exerere
612 3691 647 3745 V:
683 3705 801 3745 exercere
826 3691 918 3746 selbo
1062 3691 1080 3744 4
1105 3690 1197 3746 inflare

52 3781 93 3834 D¹
210 3777 229 3831 5
258 3777 394 3831 chacinuis
420 3775 502 3832 DW¹
540 3777 658 3830 occiduis
691 3776 796 3832 W‘OX
903 3778 918 3831 l
945 3777 1058 3831 incitare
1086 3777 1127 3831 D¹

53 3882 161 3920 merore
192 3862 311 3918 DOPX
421 3861 452 3916 10
481 3863 562 3916 etiam
592 3862 615 3918 0
723 3863 813 3916 credat
844 3861 867 3918 O
974 3865 1062 3917 uietnr
1095 3863 1127 3917 V·

54 3953 81 4006 11
101 3951 245 4006 exteterit
263 3948 331 4002 D¹P
437 3947 466 4002 12
485 3947 596 4002 XVIHI
619 3947 655 4003 W
754 3947 955 4004 rescindentes
973 3949 1002 4003 D
1101 3949 1133 4003 14
1150 3949 1196 4003 ad-
1292 3952 1296 3967 ¹

51 4054 101 4106 qne
136 4035 198 4090 VP
216 4034 260 4089 oie
374 4035 404 4088 l‘l
432 4033 547 4087 adletam
579 4033 645 4088 WX
674 4033 763 4086 adleta
792 4035 816 4088 0
923 4035 1059 4088 robustior
1085 4033 1128 4090 Oo

52 4139 166 4193 pugnas
193 4121 311 4188 scripsi:
342 4135 431 4187 pugna
453 4119 566 4174 coneo
669 4120 776 4173 accendi
798 4121 909 4188 scripsi:
940 4120 1058 4174 accedit
1080 4119 1197 4176 VDWo

53 4209 185 4264 suecedet
210 4205 267 4261 ΟΧ
295 4203 436 4259 suecedent
455 4205 482 4258 P
587 4204 619 4259 18
642 4205 838 4259 conluctatione
861 4206 895 4260 W
999 4207 1031 4262 19
1048 4207 1126 4260 modo
1144 4223 1197 4262 orn.

54 4295 91 4347 D·
203 4291 242 4346 20
258 4291 394 4345 suffecerit
412 4281 443 4343 V'
529 4291 560 4344 21
581 4291 667 4358 possit
690 4290 788 4345 VDW
868 4307 915 4346 nec
934 4292 966 4346 X
1057 4293 1093 4346 23
1110 4292 1199 4362 adque

57 4381 107 4436 ΥΡ
220 4378 385 4447 agonotbita
407 4377 445 4432 W
543 4376 577 4430 24
598 4377 780 4431 inmoderatos
802 4375 838 4431 V¹
