3009 5200
500 447 660 504 conlatio
676 449 700 514 Ι,
719 447 829 504 lc-ao.
1186 449 1229 516 29

88 638 172 702 asten
196 635 399 719 praedictum
423 636 573 720 legimus:
596 641 630 702 si
644 637 818 722 spiritus
832 640 1074 720 potestatem
1089 638 1230 705 baben·

89 741 138 805 ris
169 740 413 806 ascenderit
441 759 558 824 super
587 743 638 821 te,
669 741 797 807 locum
826 746 939 838 tuum
963 761 1009 809 ne
1030 742 1229 809 dimittas.

90 842 164 908 illud
195 859 327 926 quoque
358 843 441 924 qnod
471 842 588 909 dicitur
616 843 656 909 ad
686 844 781 910 deum
809 845 918 910 contra
946 843 1057 911 Achab
1079 843 1115 909 in
1135 844 1261 910 tertiae

90 947 276 1028 Regnorum
307 945 390 1011 libro
419 963 457 1011 ex
485 963 615 1028 pomona
643 945 775 1029 spiritns
804 946 966 1014 inmundis
988 946 1169 1032 egrediar
1189 947 1229 1010 et

72 1067 152 1113 sero
183 1048 372 1130 spiritus
401 1051 565 1115 mendas
594 1048 634 1114 in
663 1068 728 1115 ore
750 1049 922 1116 omnium
943 1050 1229 1134 prophetarum

90 1153 184 1217 eius.
229 1171 268 1217 ex
292 1151 381 1218 nobis
404 1153 510 1219 autem
528 1152 681 1236 oriuntur,
704 1169 777 1218 oum
799 1169 907 1219 eornm
930 1170 1009 1235 quae
1023 1153 1162 1236 gerimus
1179 1154 1229 1219 uel

89 1255 248 1338 gessimus
282 1255 335 1320 nel
368 1255 546 1321 audiuimus
579 1255 767 1322 naturaliter
799 1255 1008 1322 recordamur.
1045 1256 1084 1322 de
1116 1255 1229 1338 quibos

90 1359 202 1422 beatus
227 1356 337 1422 Dauid
360 1357 553 1437 cogitaui,
583 1357 696 1440 inquit,
720 1357 804 1423 dies
825 1359 1027 1441 antiquos,
1050 1361 1089 1424 et
1110 1375 1229 1424 anuos

91 1466 284 1526 aeternos
304 1461 348 1525 in
369 1463 500 1527 mente
522 1460 658 1545 habui,
686 1464 724 1527 et
745 1461 966 1527 meditatus
988 1478 1088 1538 sum,
1118 1461 1230 1526 nocte

65 1583 172 1628 ocum
198 1564 322 1630 cordo
345 1583 426 1630 meo
455 1565 721 1645 exercitabar,
746 1567 783 1630 et
805 1565 1019 1634 scobebam
1041 1564 1230 1646 spiritum

90 1685 231 1732 meum.
273 1669 305 1731 et
334 1666 465 1732 itemm:
496 1667 677 1734 domiuus
706 1667 789 1733 soit
816 1667 1087 1751 cogitationes
1109 1666 1230 1734 bomi-

92 1788 197 1853 num,
230 1770 417 1851 quoniam
447 1788 570 1836 uenae
600 1775 713 1854 suut,
739 1774 788 1837 et:
811 1771 1085 1855 cogitationes
1107 1771 1230 1838 iusto·

93 1890 174 1938 rum
209 1871 375 1937 iudicia.
413 1874 447 1937 in
470 1873 632 1957 euangelio
659 1891 780 1956 quoqne
801 1873 946 1940 dominos
968 1876 1006 1941 ad
1027 1873 1228 1941 Pbar'saeos:

94 1975 186 2057 quid
211 1977 409 2058 cogitatis
432 1977 532 2042 mala
554 1976 594 2041 in
616 1977 804 2046 cordibus
825 1977 999 2043 uestris?

67 2122 88 2161 c
132 2093 205 2160 XX.
239 2097 331 2162 Hane
359 2096 458 2180 igitur
490 2097 681 2182 tripertitam
711 2101 863 2165 rationem
888 2099 1011 2180 oportet
1033 2115 1089 2164 nos
1111 2097 1227 2182 iugiter

95 2199 264 2264 obseruare
293 2201 326 2264 et
356 2199 519 2267 uniuersas
550 2201 755 2285 cogitationes
785 2217 865 2284 qnae
893 2204 1057 2286 emergunt
1082 2201 1116 2265 in
1138 2200 1230 2267 corde

96 2303 199 2366 nostro
230 2303 340 2384 sagaci
370 2301 555 2370 discretione
585 2304 748 2380 discutere,
776 2305 913 2388 origines
936 2322 1042 2370 earum
1064 2309 1098 2369 et
1118 2321 1229 2370 causas

97 2409 301 2488 auctoresque
330 2406 478 2489 primitus
506 2409 705 2493 indagantes,
737 2413 773 2474 ut
802 2409 910 2491 quales
935 2408 1060 2473 roseis
1083 2408 1230 2489 praebere

98 2507 265 2573 debeamus
299 2528 335 2574 ex
364 2511 491 2576 illorum
524 2513 634 2577 merito
668 2513 720 2595 qui
751 2530 803 2578 eae
833 2513 1006 2598 suggerunt
1037 2511 1230 2576 considerare

69 2614 319 2781 epomimusgut
333 2614 505 2680 efficiamur
519 2616 688 2682 secundum
699 2620 902 2699 praeceptum
916 2614 1035 2681 domini
1049 2612 1229 2697 probabiles

100 2716 253 2799 trapezita
322 2736 454 2800 qnorum
475 2738 598 2785 summa
629 2718 743 2803 peritia
769 2723 817 2784 est
838 2738 876 2785 ao
903 2718 1070 2801 disciplina
1097 2717 1229 2801 probare

99 2819 253 2900 quodnam
284 2822 326 2885 sit
357 2838 469 2887 eurum
493 2823 698 2904 purissimum
721 2824 753 2887 et
775 2825 812 2888 nt
833 2822 929 2907 uulgo
951 2820 1067 2887 dicitur
1089 2820 1230 2887 obrizum

101 2922 220 3003 quodue
249 2922 295 2988 sit
322 2925 425 2990 minus
456 2927 639 3009 purgatione
668 2926 750 3009 ignis
780 2928 951 3009 excoctum,
985 2944 1075 2991 aereo
1107 2940 1229 3007 quoque

101 3024 217 3107 uiliquo
241 3026 377 3107 donario,
401 3026 427 3092 si
443 3028 613 3111 pretiosum
631 3028 788 3095 nomisma
802 3030 860 3095 sub
875 3030 977 3095 colore
992 3029 1062 3093 auri
1077 3028 1229 3111 fulgentis

71 3126 254 3215 nimitetur,
288 3130 531 3213 prudentissima
560 3131 745 3198 discretione
775 3150 837 3197 non
866 3132 948 3207 falli,
976 3135 1008 3196 et
1037 3148 1098 3197 non
1127 3130 1229 3195 solum

104 3232 290 3296 nomismata
311 3237 514 3316 tyrannorum
529 3234 637 3299 uultus
660 3235 864 3318 exprimentia
878 3234 1037 3317 sapienter
1052 3250 1228 3317 agnoscere,

104 3333 276 3400 sedetiam
297 3336 364 3418 illa,
387 3354 465 3421 quae
487 3339 562 3404 sunt
582 3338 649 3403 neri
673 3337 800 3420 quidem
823 3336 906 3420 regis
926 3338 1075 3420 imagine,
1097 3336 1153 3401 sed
1167 3353 1229 3401 non

104 3436 241 3518 legitime
262 3438 405 3523 figurata,
435 3440 548 3522 peritia
576 3441 735 3525 sagaciore
757 3440 938 3519 discernere,
961 3440 1072 3505 deinde
1093 3458 1132 3504 ne
1153 3438 1229 3522 qnid

205 3600 421 3667 1Eeelee.10,4
493 3602 574 3658 4111
590 3602 656 3673 Reg·
670 3602 712 3669 22,
725 3603 760 3657 22
835 3601 1052 3667 8Ps.76,6-l
1065 3600 1159 3669 (Lxx)

107 3685 297 3750 niutan
390 3687 601 3753 12Pr0v.12‚5
694 3691 727 3743 14
743 3688 862 3754 ritae
947 3686 1049 3742 201st
1062 3686 1228 3754 aecanos.

107 3768 200 3825 euasi
216 3770 317 3840 adnot.)

153 3915 322 3972 idemittas
341 3918 384 3972 1)ι
487 3919 685 3987 5profotarurn
704 3918 733 3973 D
835 3917 964 3988 8inquid
984 3918 1024 3974 W
1127 3920 1159 3975 10
1175 3892 1232 3975 se‘o-

108 4000 200 4055 bebam
224 4002 254 4055 X
371 4003 404 4057 13
430 4003 557 4059 {abacos
586 4004 624 4060 W
741 4004 775 4059 15
800 4004 877 4059 codd.
905 4020 963 4059 coc
988 4004 1162 4075 cartapetae

108 4104 139 4158 18
155 4108 311 4176 autoresque
327 4107 370 4161 1)ι
467 4107 500 4163 al
519 4108 662 4176 trapiritae
679 4107 710 4162 D
738 4108 888 4178 trapegitae
909 4108 949 4162 W
1045 4108 1080 4163 24
1095 4099 1228 4164 ndmisma

112 4190 146 4245 W
256 4192 393 4263 fulgentes
419 4191 553 4248 D¹W¹X¹
667 4192 702 4247 25
728 4193 857 4248 imotetur
882 4192 1095 4262 prudenteasima
1120 4194 1161 4247 D¹

109 4290 140 4345 m
157 4282 311 4349 nbmiamata
333 4296 373 4351 W
469 4294 502 4349 27
519 4294 664 4364 imaginem
686 4295 734 4352 W¹
832 4296 1001 4365 bergomen
1016 4296 1057 4351 D¹
1152 4311 1229 4365 saga·

110 4378 175 4432 tiore
190 4380 259 4435 DW
