3009 5200
271 451 311 516 10
655 441 822 497 Iohannis
845 439 1004 495 Cassiani

269 637 340 702 finis
374 635 498 719 quidem
533 638 579 699 est
615 649 746 714 regnum
780 629 840 693 dei.
877 627 952 709 quid
984 643 1058 690 uero
1089 627 1132 690 sit
1159 643 1266 708 scopos
1299 625 1396 690 debet

269 740 435 825 diligenter
456 737 587 820 inquiri:
610 735 664 817 qui
686 735 713 798 si
736 733 825 797 nobis
847 729 996 795 similitor
1017 733 1182 812 conpertus
1204 747 1265 793 non
1282 729 1393 807 inerit,

269 845 387 907 frustra
414 841 542 906 nitendo
569 837 784 922 fatigabimur,
812 835 885 917 quia
913 833 980 897 sine
1001 833 1056 897 nia
1077 831 1277 897 tendentibus
1300 831 1395 897 labor

267 950 316 1010 est
343 944 472 1018 itineris,
502 960 562 1007 non
590 939 757 1024 profectus.
794 939 832 1002 ad
865 936 947 1018 qnod
975 933 1269 1016 obstupescentibus
1297 935 1394 999 nobis

268 1067 359 1114 senex
392 1049 515 1113 intulit:
551 1046 622 1111 finis
655 1043 782 1127 quidem
815 1043 938 1104 nostrae
964 1038 1164 1123 professionis
1193 1039 1230 1102 nt
1256 1038 1434 1108 diximuss

269 1171 400 1239 regnum
423 1152 472 1217 dei
494 1170 549 1216 seu
571 1168 703 1233 regnum
730 1146 887 1212 caelorum
909 1146 967 1222 est,
995 1143 1159 1209 destinatio
1182 1161 1263 1222 nero,
1288 1142 1397 1208 idest

268 1273 383 1336 scopos,
406 1255 523 1339 puritas
547 1253 656 1333 cordis,
683 1251 748 1316 sine
771 1248 891 1331 quaed
913 1247 1004 1311 illum
1028 1247 1122 1312 finem
1145 1247 1325 1329 inpossibile
1341 1252 1396 1312 est

237 1357 444 1442 dquempiam
455 1357 627 1440 peruenire,
651 1355 684 1418 in
698 1354 759 1418 hac
772 1369 846 1434 ergo
861 1350 1068 1416 destinatione
1083 1352 1251 1432 defigentes
1267 1355 1395 1417 nostrae

268 1461 446 1526 directionis
469 1461 597 1525 obtutus
611 1457 699 1522 uelut
714 1457 753 1520 ad
776 1458 893 1518 certam
909 1453 1024 1518 lineam
1040 1471 1166 1518 cursum
1180 1455 1397 1520 rectissimum

268 1564 447 1647 dirigemus,
472 1581 507 1627 ac
531 1561 558 1624 si
580 1559 742 1642 paululum
760 1557 834 1638 quid
849 1557 888 1620 ab
904 1557 963 1620 bac
977 1557 1121 1638 cogitatio
1138 1558 1433 1625 pomaredus-10

267 1667 320 1742 rit,
343 1666 383 1732 ad
406 1664 698 1747 contemplationem
714 1662 781 1726 eius
796 1661 869 1725 ilico
886 1659 1081 1724 recurrentes
1095 1678 1203 1724 rursus
1218 1679 1286 1727 eam
1302 1664 1395 1728 uelut

266 1772 306 1836 ad
321 1773 475 1853 quandam
490 1785 631 1834 normam
646 1765 821 1831 rectissime
835 1763 1035 1844 corrigemus,
1052 1782 1130 1845 quac
1145 1784 1267 1848 semper
1281 1786 1394 1834 omnes

268 1875 396 1939 conatus
418 1875 538 1938 nostros
560 1872 600 1936 ad
621 1889 718 1936 unum
744 1868 801 1934 hoc
822 1885 972 1932 reuocans
994 1867 1121 1949 signum
1143 1873 1253 1950 arguet
1267 1871 1393 1950 statim,

267 1978 293 2041 si
315 1995 334 2040 a
355 1977 512 2058 proposita
533 1973 702 2039 directione
724 1989 813 2036 mens
834 1972 941 2036 nostra
962 1970 1012 2033 uel
1025 1970 1190 2050 paululum
1207 1973 1391 2040 deuiauerit.

309 2097 347 2162 V.
371 2093 636 2174 Quemadmodum
659 2093 702 2171 hi,
726 2091 838 2174 quibus
860 2109 933 2155 usus
955 2092 1004 2154 est
1021 2090 1131 2157 bellica
1144 2091 1430 2178 telatractandi,1a

268 2218 339 2265 cum
373 2201 444 2264 anie
477 2217 584 2282 regem
612 2197 721 2261 mundi
748 2196 842 2260 buius
875 2195 952 2258 artis
974 2211 1049 2258 suae
1081 2195 1211 2276 cupiunt
1243 2196 1393 2276 peritiam

267 2304 487 2384 demonstrare,
515 2302 547 2365 in
570 2298 758 2380 paruissima
779 2297 931 2379 quaedam
954 2296 1085 2379 scutula,
1109 2317 1187 2379 quae
1209 2299 1334 2380 depicta
1356 2301 1393 2365 in

266 2423 298 2470 se
321 2406 481 2470 continent
495 2404 641 2486 praemia,
668 2402 770 2468 iacula
783 2401 835 2466 uel
852 2401 983 2483 sagittas
998 2402 1173 2483 intorquere
1189 2405 1391 2480 contendunt,

267 2508 343 2572 certi
377 2507 456 2590 quod
491 2525 551 2571 non
578 2506 656 2570 alias
684 2505 744 2569 nisi
773 2503 989 2569 destinationis
1017 2521 1091 2568 suae
1119 2506 1201 2568 linea
1228 2504 1392 2570 adfinem

266 2611 386 2693 possint
408 2609 571 2675 desiderati
594 2608 726 2691 praemii
752 2607 923 2691 peruenire,
958 2610 1105 2689 quotum
1130 2608 1257 2672 demum
1279 2608 1430 2693 utiqnero

267 2714 434 2796 potientur,
466 2730 536 2777 cnm
567 2714 759 2795 propositum
787 2729 899 2791 scopon
929 2710 1088 2775 ualucrint
1109 2711 1263 2776 obtinere:
1286 2714 1339 2794 qui
1362 2713 1391 2776 si

265 2818 344 2882 forte
366 2815 405 2880 ab
429 2834 534 2879 eorum
557 2813 651 2878 fuerit
674 2812 852 2878 subtractus
874 2813 1002 2889 intuitu,
1023 2814 1254 2895 quantumlibet
1270 2832 1288 2878 a
1303 2818 1390 2882 recto

264 2920 391 2983 tramite
412 2934 498 2982 cassa
519 2918 733 2998 imperitorum
748 2915 870 2981 deerret
884 2917 1025 2994 intentio,
1049 2917 1197 2981 excidisse
1224 2935 1258 2981 se
1280 2922 1391 2983 tamen

266 3022 304 3086 ab
336 3021 422 3085 illius
456 3020 675 3102 disciplinatae
709 3018 809 3083 lineae
841 3019 1011 3083 directione
1043 3037 1105 3083 non
1135 3020 1281 3097 sentient
1313 3024 1390 3102 qnia

265 3123 388 3188 nullum
418 3125 532 3188 habent
560 3124 679 3187 certum
707 3123 833 3205 signum
863 3124 943 3204 qnod
965 3122 1017 3187 uel
1038 3123 1185 3204 peritiam
1206 3122 1429 3188 droctionisrc

266 3226 377 3310 probet
405 3230 456 3292 uei
485 3230 595 3310 arguat
623 3226 822 3309 pronitatem
860 3228 894 3290 ot
922 3225 992 3289 ideo
1018 3243 1090 3291 cum
1111 3226 1239 3290 inutiles
1261 3226 1295 3289 iu
1317 3232 1393 3292 adra

266 3346 457 3413 uacuumque
486 3330 624 3396 fuderint
651 3331 760 3408 iactus,
788 3329 823 3393 in
845 3346 906 3410 qno
928 3332 1122 3411 peccauerint
1147 3346 1247 3412 quone
1267 3332 1391 3413 decepti

266 3432 330 3497 sint
357 3434 527 3499 diiudicare
555 3452 616 3499 non
638 3434 778 3516 possunt,
808 3434 920 3515 qnippe
949 3452 1026 3516 qnos
1048 3434 1169 3498 nullam
1193 3438 1318 3500 accusat
1339 3436 1389 3498 in·

267 3536 383 3601 dicium
412 3540 563 3618 quantum
585 3556 604 3602 a
626 3536 795 3603 directione
828 3538 1039 3616 discesserint,
1067 3556 1123 3602 nec
1150 3554 1210 3620 qno
1238 3538 1387 3620 deinceps

318 3810 330 3861 l
359 3807 424 3875 quid
449 3806 491 3861 D:
528 3807 574 3875 qui
601 3808 652 3862 Xo
755 3806 860 3876 2quid
883 3809 921 3861 sit
943 3807 1020 3861 nobis
1042 3807 1170 3862 similiter
1193 3810 1222 3862 et
1245 3808 1268 3861 si
1289 3806 1320 3860 D

265 3892 299 3947 10
311 3890 499 3961 dirigemusr:
526 3892 710 3962 dirigimasD
724 3898 754 3957 (s.
768 3894 869 3960 tm)
882 3893 913 3947 X
981 3892 1238 3947 11reeurrentirD¹
1308 3892 1389 3945 laad

265 3994 316 4033 om-
327 3978 406 4033 DX:
435 3980 535 4033 tabent
552 3978 578 4033 ¹8
590 3979 655 4033 Ma?
671 3978 749 4047 opud
764 3979 916 4050 Uocetium
927 3980 1060 4049 quandam
1072 3996 1192 4034 normam
1203 3978 1349 4033 rectissime
1359 3978 1390 4032 D

266 4063 381 4131 quadarn
398 4080 492 4117 norma
510 4064 660 4119 certimima
677 4064 838 4131 (rectissima
854 4066 881 4134 r)
899 4066 951 4120 Xr
1053 4070 1212 4135 corrigemus
1234 4066 1276 4120 X:
1305 4066 1390 4121 corri-

266 4149 356 4217 gimus
372 4149 403 4203 D
506 4150 539 4203 13
557 4156 666 4205 conatos
685 4150 726 4203 1)ι
830 4152 863 4205 14
881 4150 997 4206 deuiarit
1013 4153 1065 4207 Xr
1162 4152 1194 4206 17
1212 4151 1325 4221 quedam
1343 4151 1387 4205 D:

265 4250 378 4320 puram
397 4251 449 4305 xv
542 4252 575 4306 rs
592 4254 710 4309 cuono
727 4253 779 4309 xv
866 4254 1151 4310 latissimorum
1241 4256 1275 4310 ao
1292 4241 1389 4339 omre

265 4378 338 4425 mdo·
356 4374 381 4441 (1
400 4374 446 4426 acl
463 4374 483 4427 2
501 4372 551 4429 titt.
571 4376 650 4441 cros)
668 4372 697 4427 D
788 4372 822 4427 22
840 4373 991 4429 abstractus
1007 4374 1049 4429 D·
1135 4376 1170 4430 at
1188 4342 1275 4445 {none
1291 4375 1322 4429 D
