3009 5200
387 466 391 474 ,
464 404 628 463 conlatio
652 406 740 471 XVII,
765 409 872 465 18-19.
1166 412 1233 479 479

101 596 264 661 euidenter
290 596 425 663 ostendit
448 598 566 663 dicens:
590 596 724 681 perdes
747 616 893 677 omues,
924 601 989 681 qui
1010 599 1227 683 loquuntur

101 699 368 778 mendacium,
385 701 417 765 et
435 700 565 767 iterum:
589 702 724 767 suauis
740 706 801 769 est
823 701 972 767 homini
994 704 1106 785 penis
1129 721 1228 767 men-

101 802 227 869 dacii:
259 806 296 869 ct
325 808 463 887 postea
492 805 714 888 replebitur
744 805 890 871 cseius
913 806 1085 885 calculo,
1108 808 1228 891 etipse

100 906 262 991 legislator
297 907 556 985 mendacium,
592 908 704 991 inquit,
737 908 877 992 fugies.
915 910 969 975 sed
998 915 1073 977 tune
1100 910 1262 976 demum3

78 1008 137 1073 sid
166 1008 373 1092 probabiliter
403 1012 534 1077 diximus
565 1012 758 1097 usurpatum,
781 1032 852 1077 oum
875 1012 903 1077 ei
926 1013 1096 1079 necessitas
1119 1013 1226 1097 alique

101 1134 160 1181 seu
182 1114 371 1199 dispensatio
394 1115 539 1179 saluteris
561 1117 712 1181 adiuncta
741 1118 799 1197 est,
825 1118 863 1179 ob
885 1134 977 1196 quam
1002 1134 1061 1181 non
1084 1116 1227 1182 debuerit

101 1219 312 1285 condemnari.
350 1218 441 1301 quale
472 1219 519 1283 est
549 1218 627 1283 illud
656 1218 739 1299 quod
772 1220 1026 1283 conmemoraetis
1056 1219 1094 1283 de
1124 1219 1226 1286 Dauid

100 1340 185 1405 rege,
208 1339 277 1387 cum
301 1320 423 1405 fugiens
446 1322 682 1387 insectationem
705 1320 806 1387 Saulis
822 1321 972 1387 iniustam
987 1322 1028 1387 ad
1042 1322 1226 1389 Abimelecb

101 1425 293 1491 sacerdotem
321 1442 383 1489 non
413 1424 567 1507 proposito
591 1424 753 1489 cuiusdam
775 1425 853 1489 lucri
877 1443 934 1491 nec
956 1425 1059 1490 studio
1082 1427 1226 1493 laedendi

67 1550 92 1589 ιο
102 1529 290 1611 quempiam,
313 1528 368 1593 sed
390 1533 425 1593 ut
448 1528 663 1593 tantummodo
678 1531 778 1594 semet
793 1529 897 1611 ipsum
911 1528 951 1592 ab
965 1527 1143 1615 inpiissime
1158 1529 1225 1595 eius

102 1632 304 1699 insectatione
337 1633 483 1708 solueret,
517 1630 717 1699 mendacibus
751 1632 852 1697 utitur
884 1633 1000 1712 uerbis,
1028 1633 1141 1717 quippe
1171 1632 1227 1715 qui

102 1754 216 1801 manns
238 1753 309 1800 suas
331 1736 450 1799 inimici
472 1738 553 1817 regie
575 1734 724 1819 sanguine
739 1741 771 1799 et
786 1735 912 1817 quidem
927 1754 946 1801 a
961 1736 1017 1801 deo
1032 1735 1093 1801 sibi
1108 1736 1225 1802 totiens

103 1838 214 1905 traditi
248 1840 458 1905 contaminare
492 1838 629 1905 noluerit
661 1838 781 1903 dicens:
814 1839 1010 1923 propitius
1042 1838 1139 1903 mibi
1170 1840 1225 1905 sit

103 1943 212 2019 deus,
250 1962 294 2009 no
331 1942 470 2009 faciam
507 1960 583 2008 rem
621 1940 716 2007 hanc
753 1942 908 2008 domino
945 1960 1039 2021 meo,
1074 1942 1225 2009 cbristo

69 2046 268 2122 redomini,
305 2046 347 2113 ut
383 2046 536 2113 mittam
581 2064 732 2112 manum
767 2064 886 2114 meam
923 2046 962 2111 in
998 2064 1098 2121 eum,
1132 2045 1224 2128 quie

104 2150 281 2215 cbristus
311 2150 459 2216 domini
488 2151 560 2214 est.
598 2154 630 2215 et
663 2148 774 2215 idcirco
804 2149 1043 2231 dispensationes
1067 2148 1122 2213 bas
1145 2149 1259 2231 quasi

103 2254 155 2321 uel
184 2252 222 2319 cb
253 2254 446 2319 uoluntatem
480 2254 528 2319 dei
559 2252 609 2317 uel
639 2254 677 2318 cb
708 2253 999 2337 praefigurationem
1031 2252 1223 2336 spiritalium

103 2361 369 2423 sacramentorum
399 2356 449 2423 uel
478 2356 516 2421 cb
547 2357 740 2439 quorundam
770 2358 903 2421 salutem
932 2357 1056 2421 sanctos
1085 2354 1168 2421 uiros
1190 2355 1223 2419 in

102 2458 201 2525 ueteri
231 2461 417 2525 testamento
447 2460 579 2545 legimus
610 2464 777 2534 exsecutos,
807 2461 840 2527 in
868 2463 992 2525 tentum
1014 2477 1070 2525 nos
1093 2476 1223 2543 quoque,

69 2582 174 2630 eccum
197 2565 365 2630 necessitas
388 2564 583 2643 coartabant,
603 2582 663 2630 non
680 2582 845 2648 possumus
858 2562 1013 2642 abdicare,
1036 2565 1071 2628 ui
1088 2582 1125 2630 ne
1141 2562 1223 2646 ipsos

103 2667 228 2752 quidem
258 2669 427 2754 apostolos,
456 2667 509 2734 ubi
539 2669 745 2736 consideratio
774 2667 905 2732 alienius
934 2667 1083 2734 utilitatis
1110 2667 1223 2751 exegit,

103 2774 141 2838 ab
164 2769 209 2836 eis
232 2769 400 2838 declinasse
421 2790 591 2838 cernamus.
626 2790 703 2854 quae
718 2771 876 2853 paulisper
898 2771 1025 2837 interim
1046 2770 1224 2839 differemcs

102 2875 231 2960 digestis
264 2875 415 2957 primitus
444 2895 525 2958 quae
555 2875 655 2942 adbuc
683 2875 721 2940 de
751 2873 849 2940 ueteri
878 2877 1065 2942 testamento
1087 2873 1224 2958 prolerre

103 2978 296 3062 disponimus
325 2983 394 3062 post
423 2980 498 3045 baec
521 2980 741 3064 congruentius
763 2977 939 3058 inferemus,
964 2981 1000 3044 ut
1021 2978 1145 3044 facilius
1168 2978 1223 3044 ad·

69 3081 249 3163 reprobetur
271 3083 354 3152 uiroc
376 3082 475 3148 iustos
499 3085 530 3146 et
552 3083 675 3150 muetos
704 3085 770 3150 tam
792 3083 825 3148 in
847 3100 928 3150 nouo
949 3100 1045 3164 quam
1066 3081 1099 3146 in
1124 3082 1222 3146 ueteri

101 3185 290 3252 testamento
311 3187 344 3258 iu
366 3185 415 3252 bis
438 3188 620 3253 oeconomiis
643 3185 705 3252 sibi
718 3205 775 3271 per
790 3185 896 3256 omnia
910 3189 1118 3255 concordasse.
1148 3180 1259 3267 qnidb

102 3292 184 3354 enim
212 3289 250 3353 de
280 3288 335 3354 illa
364 3287 460 3354 Obesi
491 3288 530 3354 ad
559 3287 711 3356 Absalcm
740 3308 796 3372 pro
817 3290 920 3360 seluta
941 3289 1025 3374 rogis
1046 3286 1148 3353 Dauid
1168 3285 1222 3368 pia

204 3491 337 3559 1Ps.5,a
413 3492 517 3547 2Prcr.
532 3493 574 3558 20,
589 3493 619 3546 1⁷
698 3493 856 3560 careat
933 3491 1152 3560 1311aeg.24‚t

153 3680 311 3734 lloouutur
329 3681 422 3734 ΣΠΟ
510 3681 756 3751 secamepoetee
767 3697 817 3739 oue.
834 3683 864 3734 Π
953 3680 1083 3752 linquid
1101 3679 1154 3734 ΤΟ

100 3765 309 3822 bneniabiliter
330 3767 359 3818 Π
365 3766 439 3823 noe
540 3769 626 3820 tinen
645 3783 696 3822 cm.
713 3770 739 3820 Y
839 3769 965 3838 tingens
988 3767 1061 3819 ΣΠΙ
1164 3767 1225 3820 ghi..

101 3853 199 3908 melech
217 3853 246 3904 Σ
271 3852 433 3908 achimelech
451 3853 490 3904 11¹
517 3853 645 3908 abimelec
661 3853 687 3907 Ο
781 3854 970 3924 tlcuiusqncm
990 3852 1110 3908 HYOc:
1136 3858 1168 3907 at
1184 3851 1220 3918 of.

101 3937 174 3992 Iacet.
195 3937 268 4004 Χ,6
367 3939 398 3992 11
417 3937 620 3993 insectationem
637 3937 709 3991 H'O
810 3939 842 3992 12
859 3938 1023 4007 epuidcmO
1121 3937 1154 3992 16
1171 3937 1222 3995 bac

100 4033 138 4084 11Ι
241 4033 408 4106 adpossem
435 4033 465 4088 Π
565 4034 804 4106 2κ111811ΣΥΙ
904 4033 942 4088 23
966 4035 1100 4102 proterere
1126 4033 1153 4084 Σ

100 4153 133 4208 26
160 4125 351 4210 ceoencminiie
375 4156 403 4206 Σ
432 4169 628 4216 oecwroerfflc
653 4158 679 4213 P
778 4154 812 4209 21
838 4125 912 4241 ebusi
935 4156 965 4206 Π
981 4169 1059 4217 cerr..
1086 4154 1151 4208 item
1176 4153 1228 4206 ies-1

99 4260 147 4325 fra
263 4258 383 4319 absalom
410 4261 462 4314 2²:
491 4259 609 4316 absclcm
637 4261 675 4316 Σ·
706 4259 817 4315 absalon
844 4258 902 4314 ΠΟ
930 4258 1041 4314 absolon
1068 4261 1093 4310 Τ
1117 4255 1228 4324 (eadm

100 4353 354 4421 recesseram)
