3009 5200
294 427 359 492 432
683 422 848 476 Iohannis
872 420 1034 477 Cassiani

296 616 400 697 fldem,
428 614 462 678 in
492 614 618 678 nemine
647 612 768 678 domini
798 614 830 677 et
859 613 1023 677 daemonic
1053 611 1211 694 expellunt
1233 615 1264 675 et
1286 610 1428 676 uirtutes

296 719 447 783 maximas
477 717 650 799 operantur.
688 718 726 781 de
756 717 869 799 quibus
899 734 971 781 cum
1000 716 1134 797 apostoli
1163 718 1366 781 numerentur
1392 720 1428 780 et

296 822 451 887 dicerent:
480 825 734 904 praeceptor,
766 822 941 886 uidimus
972 823 1165 903 quendam
1197 822 1236 885 in
1270 820 1430 885 nomine

296 929 362 989 tuo
408 924 624 989 eicientem
661 924 881 1002 daemonia,
925 924 961 988 et
997 922 1278 1007 prohibuimus
1323 940 1427 997 enm,

297 1027 392 1109 quia
420 1042 492 1091 non
522 1028 709 1108 sequitur
730 1027 955 1101 nobiscnm,
979 1026 1193 1091 liceteisdem
1216 1026 1428 1108 adpraesens
1452 1044 1467 1083 s

294 1130 487 1214 responderit
519 1128 674 1194 Christus:
704 1130 833 1194 nolite
862 1129 1090 1211 prohibere:
1121 1132 1187 1214 qni
1217 1129 1319 1193 enim
1349 1145 1429 1192 non

296 1238 360 1297 est
396 1234 588 1299 aduersus
625 1251 707 1312 uos,
738 1252 806 1317 pro
835 1234 953 1297 nobis
984 1237 1061 1312 est,
1091 1235 1196 1299 tomen
1227 1233 1272 1297 eis
1302 1232 1335 1297 in
1361 1231 1428 1294 tine

296 1336 489 1401 dicentibus:
526 1336 680 1401 domine
716 1335 890 1419 domine,
927 1356 1051 1402 nonne
1087 1340 1126 1403 in
1164 1338 1229 1403 tuo
1266 1336 1427 1402 nomine

295 1440 639 1523 prophetanimus,
670 1441 707 1504 et
736 1441 778 1505 in
808 1444 873 1506 tuo
903 1443 1058 1506 nomine
1084 1439 1285 1506 daemonia
1308 1439 1429 1503 eieci-

296 1562 393 1620 mus,
427 1550 463 1611 et
495 1547 533 1611 in
565 1549 629 1612 tuo
658 1547 814 1611 nomine
847 1547 1022 1612 uirtutes
1052 1546 1201 1611 mnltes
1232 1545 1469 1610 fecimnst’ro

294 1665 515 1729 responsurum
544 1667 578 1713 se
599 1668 666 1714 esse
695 1650 848 1715 testatur:
877 1650 970 1731 quia
991 1667 1198 1733 numquam
1219 1648 1312 1713 noui
1332 1665 1426 1712 uos:

266 1750 494 1824 adiscedite
516 1772 535 1817 a
556 1770 628 1834 me,
651 1752 827 1835 operarii
850 1752 1098 1835 iniquitatis.
1135 1754 1167 1817 ot
1189 1752 1304 1817 idcirco
1326 1750 1428 1815 otimn

295 1854 384 1933 istos,
407 1854 520 1935 quibus
543 1855 624 1920 hano
636 1857 771 1939 gloriam
786 1856 946 1937 signorum
962 1859 1057 1937 utque
1071 1857 1228 1921 uirtutum
1243 1855 1427 1938 promerito

296 1958 475 2023 sanctitatis
496 1959 564 2041 ipse
579 1960 740 2038 concessit,
763 1978 801 2024 ne
816 1958 850 2024 in
865 1958 915 2023 his
931 1960 1121 2024 extollentur
1136 1959 1284 2024 admonet
1298 1958 1425 2023 dicens:

295 2061 424 2127 nolite
453 2062 622 2143 gaudere
651 2062 745 2144 qnia
774 2062 981 2127 daemonia
1009 2062 1122 2127 uobis
1149 2061 1468 2142 subiciuntnr‚re

296 2164 464 2258 gaudete
486 2169 613 2230 antem
634 2165 727 2247 quin
747 2164 906 2235 nomina
934 2168 1073 2230 uestra
1094 2163 1247 2246 scriptu
1268 2166 1360 2229 sunt
1382 2164 1426 2228 in

297 2266 430 2332 caelis.

338 2387 412 2452 VII.
435 2388 575 2471 Denique
595 2390 662 2471 ipse
685 2392 793 2456 unctor
808 2390 970 2473 signomm
985 2390 1128 2455 omnium
1142 2388 1236 2470 atque
1251 2386 1421 2463 uirtutum,

297 2507 368 2554 oum
390 2489 430 2553 ad
451 2492 607 2557 doctrinae
625 2510 699 2557 suae
720 2490 937 2575 magisterium
961 2492 1128 2575 discipulos
1151 2490 1325 2568 adcrescet,
1348 2490 1424 2574 quid

297 2594 336 2660 ab
370 2611 404 2657 eo
436 2594 502 2659 neri
534 2598 629 2678 utque
669 2594 834 2662 lectissimi
871 2598 1040 2662 sectatores
1072 2594 1271 2678 peculiariter
1304 2591 1465 2660 discerem

296 2696 446 2762 deberent
475 2697 634 2763 euidenter
663 2700 816 2764 ostendit:
842 2699 996 2780 uenite,
1027 2698 1141 2781 inquit,
1173 2700 1212 2762 et
1235 2695 1381 2762 discite
1404 2715 1424 2760 a

296 2817 367 2877 me,
396 2817 457 2864 non
488 2803 595 2883 ntique
624 2803 662 2867 ut
686 2802 852 2868 daemonas
874 2802 1005 2867 caelesti
1027 2801 1181 2884 potestate
1203 2799 1337 2883 pellatis,
1359 2815 1423 2862 non

296 2904 333 2966 nt
363 2901 502 2984 leprosos
535 2905 723 2982 emundetis,
756 2922 816 2970 non
848 2910 886 2970 ut
919 2922 1025 2970 caecos
1059 2903 1266 2982 inluminans,
1296 2919 1358 2966 non
1383 2903 1423 2965 ut

297 3006 435 3070 mortuos
467 3007 641 3072 suscitetis:
676 3008 753 3073 haec
788 3011 871 3074 enim
901 3005 1025 3073 etiamsi
1054 3026 1109 3088 per
1139 3009 1288 3088 quosdam
1314 3023 1422 3069 seruos

295 3126 381 3172 meos
413 3127 529 3192 operor,
563 3127 625 3174 non
658 3113 764 3195 potest
796 3130 830 3177 se
862 3111 998 3177 inserere
1032 3109 1178 3176 lendibus
1209 3108 1463 3174 deihumanam

296 3210 436 3276 condicio
465 3231 520 3279 nec
542 3213 641 3278 ullum
664 3214 723 3279 sibi
745 3214 780 3279 in
800 3213 859 3280 hoe
880 3215 1023 3281 minister
1045 3221 1077 3278 et
1100 3213 1237 3278 famulus
1259 3213 1423 3291 decerpere

398 3413 591 3481 enneade
681 3417 829 3474 erem
918 3416 1099 3484 eurtum
1190 3414 1352 3470 illc-23

298 3501 330 3554 15
347 3501 412 3558 Luc.
433 3503 473 3567 10,
492 3502 527 3556 20
628 3502 662 3556 21
680 3502 730 3556 Mt.
749 3504 791 3569 11,
809 3503 913 3558 28-29

346 3670 500 3724 insciente
515 3672 557 3723 11ι
642 3673 848 3741 Gresponderet
864 3674 894 3725 Π
978 3672 1151 3726 iuduersnm
1169 3672 1258 3726 Σοει
1273 3670 1351 3739 Vutp.

294 3757 343 3825 eis]
357 3755 447 3809 orbiu
470 3758 549 3811 ineis
561 3757 590 3810 in
602 3760 642 3824 Π,
666 3757 716 3813 sed
725 3760 806 3826 prius
819 3759 847 3810 in
860 3757 977 3812 deletum
1061 3755 1141 3810 flnem
1159 3756 1186 3808 Ο
1270 3754 1423 3809 deltonem

294 3843 401 3897 domine
419 3858 470 3896 cm.
492 3845 518 3895 Y
618 3859 705 3899 nonne
721 3845 751 3897 in
768 3844 941 3898 nominetuo
960 3843 1002 3894 Σι
1024 3843 1059 3908 of.
1078 3846 1215 3911 cop.1,3
1316 3839 1422 3908 sprot,

294 3929 325 3979 Π
414 3928 524 3982 eicimns
541 3930 583 3981 Πι
674 3929 933 3984 etin...eieoimus
951 3944 1002 3983 cm.
1020 3930 1065 3982 Oe
1159 3929 1190 3982 ll
1208 3925 1353 3981 esseseO

296 4013 329 4067 12
347 4014 493 4082 opereriO
589 4016 623 4069 14
639 4016 669 4068 in
685 4030 736 4070 err.
755 4015 781 4068 O
876 4015 909 4068 18
926 4013 1053 4084 odqneO
1147 4013 1180 4066 19
1199 4011 1308 4081 etquid
1326 4011 1353 4063 Ο

294 4099 329 4153 20
350 4101 403 4154 uiri
425 4101 465 4152 Π·
568 4101 723 4155 electissimi
742 4102 802 4155 H‘c
831 4101 974 4155 rectissimi
997 4099 1073 4153 YOr
1175 4099 1305 4152 discedere
1323 4097 1424 4151 debent

294 4186 334 4236 11ι
435 4189 468 4241 21
487 4186 582 4255 inquid
598 4186 659 4239 ΠΟ
760 4186 794 4240 22
813 4187 951 4241 daemones
968 4187 1070 4241 H¹Y¹o
1172 4185 1294 4240 caelestis
1311 4184 1351 4235 Π·

294 4270 329 4324 23
345 4272 481 4327 mundetis
498 4275 526 4324 Y
623 4273 659 4326 24
676 4273 748 4326 enirn
766 4287 817 4327 om.
834 4273 864 4324 Π
965 4273 999 4327 26
1018 4271 1134 4327 conditio
1151 4271 1211 4322 ΠΥ
1310 4268 1368 4338 nec]
1387 4285 1423 4322 ne

295 4356 320 4408 0
422 4357 500 4413 (lebet
519 4359 655 4428 decerpere
673 4359 725 4412 ῬΟ
