<?xml version="1.0" encoding="UTF-8"?>
<!DOCTYPE html PUBLIC "-//W3C//DTD XHTML 1.0 Transitional//EN"
    "http://www.w3.org/TR/xhtml1/DTD/xhtml1-transitional.dtd">
<html xmlns="http://www.w3.org/1999/xhtml" xml:lang="en" lang="en">
 <head>
  <title>
</title>
<meta http-equiv="Content-Type" content="text/html;charset=utf-8" />
  <meta name='ocr-system' content='tesseract 3.04.00' />
  <meta name='ocr-capabilities' content='ocr_page ocr_carea ocr_par ocr_line ocrx_word'/>
</head>
<body>
  <div class='ocr_page' id='page_1' title='image "./corpusscriptoru14wiengoog_0728.png"; bbox 0 0 3009 5200; ppageno 0'>
   <div class='ocr_carea' id='block_1_1' title="bbox 295 419 1036 489">
    <p class='ocr_par' dir='ltr' id='par_1_1' title="bbox 295 419 1036 489">
     <span class='ocr_line' id='line_1_1' title="bbox 295 419 1036 489; baseline 0 -16"><span class='ocrx_word' id='word_1_1' title='bbox 295 423 359 489; x_wconf 74' lang='lat'><strong>598</strong></span> <span class='ocrx_word' id='word_1_2' title='bbox 684 419 851 474; x_wconf 86' lang='lat' dir='ltr'><strong>Iohannis</strong></span> <span class='ocrx_word' id='word_1_3' title='bbox 875 420 1036 475; x_wconf 81' lang='lat' dir='ltr'><strong>Cassiani</strong></span> 
     </span>
    </p>
   </div>
   <div class='ocr_carea' id='block_1_2' title="bbox 266 611 1457 1826">
    <p class='ocr_par' dir='ltr' id='par_1_2' title="bbox 294 611 1425 901">
     <span class='ocr_line' id='line_1_2' title="bbox 295 611 1424 696; baseline 0.001 -19"><span class='ocrx_word' id='word_1_4' title='bbox 295 611 480 689; x_wconf 77' lang='lat' dir='ltr'><strong>adomim,</strong></span> <span class='ocrx_word' id='word_1_5' title='bbox 511 630 548 675; x_wconf 87' lang='lat' dir='ltr'><strong>eo</strong></span> <span class='ocrx_word' id='word_1_6' title='bbox 580 612 663 693; x_wconf 88' lang='lat' dir='ltr'><strong>quod</strong></span> <span class='ocrx_word' id='word_1_7' title='bbox 695 612 831 677; x_wconf 88' lang='lat' dir='ltr'><strong>staturas</strong></span> <span class='ocrx_word' id='word_1_8' title='bbox 863 612 986 677; x_wconf 83' lang='lat' dir='ltr'><strong>dolosas</strong></span> <span class='ocrx_word' id='word_1_9' title='bbox 1014 629 1051 677; x_wconf 89' lang='lat' dir='ltr'><strong>ao</strong></span> <span class='ocrx_word' id='word_1_10' title='bbox 1086 630 1246 677; x_wconf 80' lang='lat' dir='ltr'>mensuras</span> <span class='ocrx_word' id='word_1_11' title='bbox 1281 612 1424 696; x_wconf 83' lang='lat' dir='ltr'><strong>dupliaes</strong></span> 
     </span>
     <span class='ocr_line' id='line_1_3' title="bbox 295 714 1423 797; baseline 0.001 -17"><span class='ocrx_word' id='word_1_12' title='bbox 295 716 476 791; x_wconf 90' lang='lat' dir='ltr'><strong>babeamus,</strong></span> <span class='ocrx_word' id='word_1_13' title='bbox 499 717 668 781; x_wconf 85' lang='lat' dir='ltr'><strong>seeundum</strong></span> <span class='ocrx_word' id='word_1_14' title='bbox 690 714 782 779; x_wconf 89' lang='lat' dir='ltr'><strong>illam</strong></span> <span class='ocrx_word' id='word_1_15' title='bbox 804 717 996 779; x_wconf 86' lang='lat' dir='ltr'><strong>sententiam</strong></span> <span class='ocrx_word' id='word_1_16' title='bbox 1019 714 1195 780; x_wconf 89' lang='lat' dir='ltr'><strong>Salomonis</strong></span> <span class='ocrx_word' id='word_1_17' title='bbox 1211 733 1272 797; x_wconf 87' lang='lat' dir='ltr'><strong>qua</strong></span> <span class='ocrx_word' id='word_1_18' title='bbox 1287 714 1423 782; x_wconf 88' lang='lat' dir='ltr'><strong>dieitur:</strong></span> 
     </span>
     <span class='ocr_line' id='line_1_4' title="bbox 294 817 1425 901; baseline 0.002 -17"><span class='ocrx_word' id='word_1_19' title='bbox 294 817 540 884; x_wconf 76' lang='lat' dir='ltr'><strong>abominatio</strong></span> <span class='ocrx_word' id='word_1_20' title='bbox 561 817 622 882; x_wconf 88' lang='lat' dir='ltr'><strong>est</strong></span> <span class='ocrx_word' id='word_1_21' title='bbox 642 818 803 882; x_wconf 90' lang='lat' dir='ltr'><strong>domino</strong></span> <span class='ocrx_word' id='word_1_22' title='bbox 832 818 984 901; x_wconf 92' lang='lat' dir='ltr'><strong>pondus</strong></span> <span class='ocrx_word' id='word_1_23' title='bbox 1012 818 1174 901; x_wconf 82' lang='lat' dir='ltr'>duplex,</span> <span class='ocrx_word' id='word_1_24' title='bbox 1206 820 1245 884; x_wconf 91' lang='lat' dir='ltr'><strong>et</strong></span> <span class='ocrx_word' id='word_1_25' title='bbox 1266 820 1425 886; x_wconf 83' lang='lat' dir='ltr'><strong>statura</strong></span> 
     </span>
    </p>

    <p class='ocr_par' dir='ltr' id='par_1_3' title="bbox 266 921 1457 1826">
     <span class='ocr_line' id='line_1_5' title="bbox 266 921 1424 1004; baseline 0.002 -18"><span class='ocrx_word' id='word_1_26' title='bbox 266 921 430 987; x_wconf 84' lang='lat' dir='ltr'><strong>&#39;ldolosa</strong></span> <span class='ocrx_word' id='word_1_27' title='bbox 450 940 526 986; x_wconf 92' lang='lat' dir='ltr'><strong>non</strong></span> <span class='ocrx_word' id='word_1_28' title='bbox 549 926 610 987; x_wconf 88' lang='lat' dir='ltr'><strong>est</strong></span> <span class='ocrx_word' id='word_1_29' title='bbox 632 921 773 988; x_wconf 91' lang='lat' dir='ltr'><strong>bonum</strong></span> <span class='ocrx_word' id='word_1_30' title='bbox 803 922 840 987; x_wconf 93' lang='lat' dir='ltr'><strong>in</strong></span> <span class='ocrx_word' id='word_1_31' title='bbox 863 926 1081 1004; x_wconf 87' lang='lat' dir='ltr'><strong>eouspeotn</strong></span> <span class='ocrx_word' id='word_1_32' title='bbox 1111 924 1203 988; x_wconf 84' lang='lat' dir='ltr'><strong>uiue.</strong></span> <span class='ocrx_word' id='word_1_33' title='bbox 1241 922 1300 987; x_wconf 90' lang='lat' dir='ltr'><strong>boe</strong></span> <span class='ocrx_word' id='word_1_34' title='bbox 1326 926 1424 988; x_wconf 89' lang='lat' dir='ltr'><strong>etiam</strong></span> 
     </span>
     <span class='ocr_line' id='line_1_6' title="bbox 292 1024 1457 1108; baseline -0.002 -19"><span class='ocrx_word' id='word_1_35' title='bbox 292 1024 384 1089; x_wconf 88' lang='lat' dir='ltr'><strong>modo</strong></span> <span class='ocrx_word' id='word_1_36' title='bbox 407 1028 530 1089; x_wconf 91' lang='lat' dir='ltr'><strong>reatum</strong></span> <span class='ocrx_word' id='word_1_37' title='bbox 552 1025 651 1090; x_wconf 94' lang='lat' dir='ltr'><strong>dolosi</strong></span> <span class='ocrx_word' id='word_1_38' title='bbox 673 1024 821 1106; x_wconf 91' lang='lat' dir='ltr'><strong>ponderis</strong></span> <span class='ocrx_word' id='word_1_39' title='bbox 851 1025 1048 1108; x_wconf 76' lang='lat' dir='ltr'>duplicisque</span> <span class='ocrx_word' id='word_1_40' title='bbox 1078 1044 1241 1092; x_wconf 88' lang='lat' dir='ltr'><strong>mensurae</strong></span> <span class='ocrx_word' id='word_1_41' title='bbox 1264 1025 1423 1092; x_wconf 90' lang='lat' dir='ltr'><strong>euidenter</strong></span> <span class='ocrx_word' id='word_1_42' title='bbox 1445 1048 1457 1087; x_wconf 79' lang='lat' dir='ltr'><strong>e</strong></span> 
     </span>
     <span class='ocr_line' id='line_1_7' title="bbox 293 1127 1423 1213; baseline 0.004 -23"><span class='ocrx_word' id='word_1_43' title='bbox 293 1127 492 1206; x_wconf 80' lang='lat' dir='ltr'><strong>incurrimus,</strong></span> <span class='ocrx_word' id='word_1_44' title='bbox 515 1127 543 1191; x_wconf 94' lang='lat' dir='ltr'><strong>si</strong></span> <span class='ocrx_word' id='word_1_45' title='bbox 564 1128 757 1193; x_wconf 74' lang='lat' dir='ltr'><strong>districtiora</strong></span> <span class='ocrx_word' id='word_1_46' title='bbox 780 1128 931 1209; x_wconf 90' lang='lat' dir='ltr'><strong>quaedam</strong></span> <span class='ocrx_word' id='word_1_47' title='bbox 954 1146 1048 1211; x_wconf 90' lang='lat' dir='ltr'><strong>quum</strong></span> <span class='ocrx_word' id='word_1_48' title='bbox 1063 1129 1212 1212; x_wconf 89' lang='lat' dir='ltr'><strong>priuatim</strong></span> <span class='ocrx_word' id='word_1_49' title='bbox 1228 1149 1283 1213; x_wconf 90' lang='lat' dir='ltr'><strong>per</strong></span> <span class='ocrx_word' id='word_1_50' title='bbox 1298 1133 1423 1195; x_wconf 86' lang='lat' dir='ltr'><strong>nostras</strong></span> 
     </span>
     <span class='ocr_line' id='line_1_8' title="bbox 292 1231 1422 1316; baseline 0.002 -21"><span class='ocrx_word' id='word_1_51' title='bbox 292 1231 423 1296; x_wconf 80' lang='lat' dir='ltr'><strong>sellulas</strong></span> <span class='ocrx_word' id='word_1_52' title='bbox 445 1248 585 1296; x_wconf 82' lang='lat' dir='ltr'><strong>exeruere</strong></span> <span class='ocrx_word' id='word_1_53' title='bbox 600 1233 819 1297; x_wconf 84' lang='lat' dir='ltr'><strong>eonsueuimus</strong></span> <span class='ocrx_word' id='word_1_54' title='bbox 835 1231 991 1297; x_wconf 75' lang='lat' dir='ltr'>humanae</span> <span class='ocrx_word' id='word_1_55' title='bbox 1007 1232 1111 1299; x_wconf 85' lang='lat' dir='ltr'><strong>laudis</strong></span> <span class='ocrx_word' id='word_1_56' title='bbox 1126 1234 1299 1316; x_wconf 84' lang='lat' dir='ltr'><strong>eupiditate</strong></span> <span class='ocrx_word' id='word_1_57' title='bbox 1315 1250 1422 1299; x_wconf 86' lang='lat' dir='ltr'><strong>eoram</strong></span> 
     </span>
     <span class='ocr_line' id='line_1_9' title="bbox 291 1333 1421 1416; baseline -0.001 -17"><span class='ocrx_word' id='word_1_58' title='bbox 291 1333 445 1399; x_wconf 73' lang='lat' dir='ltr'><strong>fratdbue</strong></span> <span class='ocrx_word' id='word_1_59' title='bbox 466 1334 668 1410; x_wconf 85' lang='lat' dir='ltr'><strong>ostentemus,</strong></span> <span class='ocrx_word' id='word_1_60' title='bbox 692 1333 932 1397; x_wconf 77' lang='lat' dir='ltr'><strong>abstinentiores</strong></span> <span class='ocrx_word' id='word_1_61' title='bbox 950 1333 1073 1398; x_wconf 84' lang='lat' dir='ltr'><strong>scilieet</strong></span> <span class='ocrx_word' id='word_1_62' title='bbox 1088 1338 1119 1399; x_wconf 90' lang='lat' dir='ltr'><strong>et</strong></span> <span class='ocrx_word' id='word_1_63' title='bbox 1134 1334 1305 1401; x_wconf 85' lang='lat' dir='ltr'><strong>sauotiores</strong></span> <span class='ocrx_word' id='word_1_64' title='bbox 1322 1352 1421 1416; x_wconf 87' lang='lat' dir='ltr'><strong>appa·</strong></span> 
     </span>
     <span class='ocr_line' id='line_1_10' title="bbox 290 1436 1421 1519; baseline -0.002 -16"><span class='ocrx_word' id='word_1_65' title='bbox 290 1457 360 1503; x_wconf 90' lang='lat' dir='ltr'><strong>rere</strong></span> <span class='ocrx_word' id='word_1_66' title='bbox 381 1437 576 1503; x_wconf 82' lang='lat' dir='ltr'><strong>adleotautes</strong></span> <span class='ocrx_word' id='word_1_67' title='bbox 597 1436 735 1500; x_wconf 87' lang='lat' dir='ltr'><strong>humano</strong></span> <span class='ocrx_word' id='word_1_68' title='bbox 751 1437 932 1518; x_wconf 79' lang='lat' dir='ltr'><strong>conspectui</strong></span> <span class='ocrx_word' id='word_1_69' title='bbox 954 1456 1049 1519; x_wconf 92' lang='lat' dir='ltr'><strong>quam</strong></span> <span class='ocrx_word' id='word_1_70' title='bbox 1072 1437 1194 1504; x_wconf 89' lang='lat' dir='ltr'><strong>diuino:</strong></span> <span class='ocrx_word' id='word_1_71' title='bbox 1223 1436 1277 1519; x_wconf 92' lang='lat' dir='ltr'><strong>qui</strong></span> <span class='ocrx_word' id='word_1_72' title='bbox 1293 1438 1421 1501; x_wconf 82' lang='lat' dir='ltr'><strong>morbus</strong></span> 
     </span>
     <span class='ocr_line' id='line_1_11' title="bbox 291 1538 1456 1625; baseline 0 -18"><span class='ocrx_word' id='word_1_73' title='bbox 291 1540 455 1625; x_wconf 72' lang='lat' dir='ltr'><strong>praecipue</strong></span> <span class='ocrx_word' id='word_1_74' title='bbox 478 1558 539 1604; x_wconf 93' lang='lat' dir='ltr'><strong>non</strong></span> <span class='ocrx_word' id='word_1_75' title='bbox 562 1541 651 1605; x_wconf 93' lang='lat' dir='ltr'><strong>modo</strong></span> <span class='ocrx_word' id='word_1_76' title='bbox 674 1538 832 1623; x_wconf 86' lang='lat' dir='ltr'><strong>uitandus,</strong></span> <span class='ocrx_word' id='word_1_77' title='bbox 864 1560 973 1605; x_wconf 87' lang='lat' dir='ltr'><strong>uerum</strong></span> <span class='ocrx_word' id='word_1_78' title='bbox 997 1541 1093 1605; x_wconf 89' lang='lat' dir='ltr'><strong>etiem</strong></span> <span class='ocrx_word' id='word_1_79' title='bbox 1115 1542 1343 1607; x_wconf 92' lang='lat' dir='ltr'><strong>abominandus</strong></span> <span class='ocrx_word' id='word_1_80' title='bbox 1373 1545 1421 1605; x_wconf 88' lang='lat' dir='ltr'><strong>est</strong></span> <span class='ocrx_word' id='word_1_81' title='bbox 1431 1566 1456 1607; x_wconf 82' lang='grc' dir='ltr'><strong>ιι</strong></span> 
     </span>
     <span class='ocr_line' id='line_1_12' title="bbox 290 1642 1420 1728; baseline -0.003 -17"><span class='ocrx_word' id='word_1_82' title='bbox 290 1645 392 1711; x_wconf 80' lang='lat' dir='ltr'><strong>nobis.</strong></span> <span class='ocrx_word' id='word_1_83' title='bbox 425 1644 479 1709; x_wconf 88' lang='lat' dir='ltr'><strong>uod</strong></span> <span class='ocrx_word' id='word_1_84' title='bbox 501 1642 622 1707; x_wconf 88' lang='lat' dir='ltr'><strong>interea</strong></span> <span class='ocrx_word' id='word_1_85' title='bbox 635 1661 655 1707; x_wconf 89' lang='lat' dir='ltr'><strong>a</strong></span> <span class='ocrx_word' id='word_1_86' title='bbox 669 1645 849 1724; x_wconf 73' lang='lat' dir='ltr'><strong>quaestione</strong></span> <span class='ocrx_word' id='word_1_87' title='bbox 865 1645 1024 1727; x_wconf 89' lang='lat' dir='ltr'><strong>proposita</strong></span> <span class='ocrx_word' id='word_1_88' title='bbox 1046 1645 1139 1728; x_wconf 88' lang='lat' dir='ltr'><strong>paulo</strong></span> <span class='ocrx_word' id='word_1_89' title='bbox 1154 1645 1278 1728; x_wconf 87' lang='lat' dir='ltr'><strong>longius</strong></span> <span class='ocrx_word' id='word_1_90' title='bbox 1294 1644 1420 1728; x_wconf 87' lang='lat' dir='ltr'><strong>euagali</strong></span> 
     </span>
     <span class='ocr_line' id='line_1_13' title="bbox 291 1745 1057 1826; baseline -0.001 -14"><span class='ocrx_word' id='word_1_91' title='bbox 291 1748 331 1813; x_wconf 85' lang='lat' dir='ltr'><strong>ad</strong></span> <span class='ocrx_word' id='word_1_92' title='bbox 353 1746 484 1811; x_wconf 89' lang='lat' dir='ltr'><strong>eandem</strong></span> <span class='ocrx_word' id='word_1_93' title='bbox 506 1766 525 1811; x_wconf 85' lang='lat' dir='ltr'><strong>a</strong></span> <span class='ocrx_word' id='word_1_94' title='bbox 547 1763 607 1826; x_wconf 89' lang='lat' dir='ltr'><strong>qua</strong></span> <span class='ocrx_word' id='word_1_95' title='bbox 632 1745 830 1811; x_wconf 89' lang='lat' dir='ltr'><strong>disoessimus</strong></span> <span class='ocrx_word' id='word_1_96' title='bbox 852 1748 1057 1812; x_wconf 90' lang='lat' dir='ltr'><strong>reuertamur.</strong></span> 
     </span>
    </p>
   </div>
   <div class='ocr_carea' id='block_1_3' title="bbox 260 1865 1453 3504">
    <p class='ocr_par' dir='ltr' id='par_1_4' title="bbox 289 1865 1453 2259">
     <span class='ocr_line' id='line_1_14' title="bbox 332 1865 1419 1948; baseline 0.001 -17"><span class='ocrx_word' id='word_1_97' title='bbox 332 1866 453 1931; x_wconf 86' lang='lat' dir='ltr'>XXIII.</span> <span class='ocrx_word' id='word_1_98' title='bbox 487 1865 591 1948; x_wconf 84' lang='lat' dir='ltr'><strong>Igitur</strong></span> <span class='ocrx_word' id='word_1_99' title='bbox 625 1866 856 1948; x_wconf 75' lang='lat' dir='ltr'><strong>praedictorum</strong></span> <span class='ocrx_word' id='word_1_100' title='bbox 893 1868 1013 1933; x_wconf 88' lang='lat' dir='ltr'><strong>dierum</strong></span> <span class='ocrx_word' id='word_1_101' title='bbox 1051 1868 1098 1932; x_wconf 90' lang='lat' dir='ltr'><strong>ita</strong></span> <span class='ocrx_word' id='word_1_102' title='bbox 1132 1870 1179 1933; x_wconf 88' lang='lat' dir='ltr'><strong>est</strong></span> <span class='ocrx_word' id='word_1_103' title='bbox 1216 1868 1419 1934; x_wconf 79' lang='lat' dir='ltr'><strong>eustodiendo</strong></span> 
     </span>
     <span class='ocr_line' id='line_1_15' title="bbox 290 1969 1418 2054; baseline 0.002 -21"><span class='ocrx_word' id='word_1_104' title='bbox 290 1969 491 2044; x_wconf 84' lang='lat' dir='ltr'><strong>sollemnitas,</strong></span> <span class='ocrx_word' id='word_1_105' title='bbox 526 1971 562 2033; x_wconf 91' lang='lat' dir='ltr'><strong>ut</strong></span> <span class='ocrx_word' id='word_1_106' title='bbox 594 1973 730 2053; x_wconf 88' lang='lat' dir='ltr'><strong>eorporis</strong></span> <span class='ocrx_word' id='word_1_107' title='bbox 763 1973 857 2052; x_wconf 88' lang='lat' dir='ltr'><strong>atque</strong></span> <span class='ocrx_word' id='word_1_108' title='bbox 895 1972 1017 2036; x_wconf 80' lang='lat' dir='ltr'><strong>animab</strong></span> <span class='ocrx_word' id='word_1_109' title='bbox 1050 1972 1150 2036; x_wconf 90' lang='lat' dir='ltr'><strong>eultui</strong></span> <span class='ocrx_word' id='word_1_110' title='bbox 1182 1972 1284 2053; x_wconf 87' lang='lat' dir='ltr'><strong>prosit</strong></span> <span class='ocrx_word' id='word_1_111' title='bbox 1317 1971 1418 2054; x_wconf 81' lang='lat' dir='ltr'><strong>magis</strong></span> 
     </span>
     <span class='ocr_line' id='line_1_16' title="bbox 289 2072 1453 2157; baseline 0 -18"><span class='ocrx_word' id='word_1_112' title='bbox 289 2074 429 2139; x_wconf 89' lang='lat' dir='ltr'><strong>remissio</strong></span> <span class='ocrx_word' id='word_1_113' title='bbox 464 2072 588 2138; x_wconf 90' lang='lat' dir='ltr'><strong>indulta</strong></span> <span class='ocrx_word' id='word_1_114' title='bbox 624 2092 717 2156; x_wconf 92' lang='lat' dir='ltr'><strong>quam</strong></span> <span class='ocrx_word' id='word_1_115' title='bbox 749 2075 870 2152; x_wconf 76' lang='lat' dir='ltr'><strong>noceat,</strong></span> <span class='ocrx_word' id='word_1_116' title='bbox 904 2076 977 2157; x_wconf 89' lang='lat' dir='ltr'><strong>quia</strong></span> <span class='ocrx_word' id='word_1_117' title='bbox 1011 2093 1068 2139; x_wconf 89' lang='lat' dir='ltr'><strong>nuo</strong></span> <span class='ocrx_word' id='word_1_118' title='bbox 1102 2074 1197 2141; x_wconf 95' lang='lat' dir='ltr'><strong>ullius</strong></span> <span class='ocrx_word' id='word_1_119' title='bbox 1230 2074 1453 2140; x_wconf 74' lang='lat' dir='ltr'><strong>festiditatieis</strong></span> 
     </span>
     <span class='ocr_line' id='line_1_17' title="bbox 289 2177 1416 2259; baseline 0.002 -18"><span class='ocrx_word' id='word_1_120' title='bbox 289 2177 439 2259; x_wconf 88' lang='lat' dir='ltr'><strong>gaudium</strong></span> <span class='ocrx_word' id='word_1_121' title='bbox 462 2178 584 2242; x_wconf 87' lang='lat' dir='ltr'><strong>eouleos</strong></span> <span class='ocrx_word' id='word_1_122' title='bbox 608 2178 711 2242; x_wconf 88' lang='lat' dir='ltr'><strong>earnis</strong></span> <span class='ocrx_word' id='word_1_123' title='bbox 734 2178 905 2244; x_wconf 88' lang='lat' dir='ltr'><strong>obtundere</strong></span> <span class='ocrx_word' id='word_1_124' title='bbox 929 2198 986 2245; x_wconf 90' lang='lat' dir='ltr'><strong>neo</strong></span> <span class='ocrx_word' id='word_1_125' title='bbox 1009 2179 1131 2245; x_wconf 91' lang='lat' dir='ltr'><strong>inmitis</strong></span> <span class='ocrx_word' id='word_1_126' title='bbox 1146 2178 1202 2243; x_wconf 90' lang='lat' dir='ltr'><strong>ille</strong></span> <span class='ocrx_word' id='word_1_127' title='bbox 1218 2179 1416 2257; x_wconf 83' lang='lat' dir='ltr'><strong>aduersarius</strong></span> 
     </span>
    </p>

    <p class='ocr_par' dir='ltr' id='par_1_5' title="bbox 260 2280 1451 3504">
     <span class='ocr_line' id='line_1_18' title="bbox 260 2280 1417 2365; baseline -0.004 -15"><span class='ocrx_word' id='word_1_128' title='bbox 260 2280 410 2350; x_wconf 82' lang='lat' dir='ltr'><strong>2dierum</strong></span> <span class='ocrx_word' id='word_1_129' title='bbox 439 2281 530 2345; x_wconf 92' lang='lat' dir='ltr'><strong>uouit</strong></span> <span class='ocrx_word' id='word_1_130' title='bbox 558 2282 732 2347; x_wconf 90' lang='lat' dir='ltr'><strong>reuerentia</strong></span> <span class='ocrx_word' id='word_1_131' title='bbox 766 2281 916 2365; x_wconf 86' lang='lat' dir='ltr'><strong>mitigari.</strong></span> <span class='ocrx_word' id='word_1_132' title='bbox 955 2287 991 2348; x_wconf 89' lang='lat' dir='ltr'><strong>ut</strong></span> <span class='ocrx_word' id='word_1_133' title='bbox 1021 2301 1093 2365; x_wconf 87' lang='lat' dir='ltr'><strong>ergo</strong></span> <span class='ocrx_word' id='word_1_134' title='bbox 1121 2285 1153 2347; x_wconf 92' lang='lat' dir='ltr'><strong>et</strong></span> <span class='ocrx_word' id='word_1_135' title='bbox 1182 2282 1292 2346; x_wconf 73' lang='lat' dir='ltr'><strong>diebm</strong></span> <span class='ocrx_word' id='word_1_136' title='bbox 1326 2281 1417 2345; x_wconf 87' lang='lat' dir='ltr'><strong>iestis</strong></span> 
     </span>
     <span class='ocr_line' id='line_1_19' title="bbox 288 2383 1415 2451; baseline 0 -3"><span class='ocrx_word' id='word_1_137' title='bbox 288 2385 407 2449; x_wconf 88' lang='lat' dir='ltr'><strong>statuta</strong></span> <span class='ocrx_word' id='word_1_138' title='bbox 428 2383 661 2449; x_wconf 78' lang='lat' dir='ltr'><strong>consuetudinis</strong></span> <span class='ocrx_word' id='word_1_139' title='bbox 682 2384 878 2451; x_wconf 86' lang='lat' dir='ltr'><strong>sollemnitas</strong></span> <span class='ocrx_word' id='word_1_140' title='bbox 909 2390 1110 2451; x_wconf 84' lang='lat' dir='ltr'><strong>consumetur</strong></span> <span class='ocrx_word' id='word_1_141' title='bbox 1136 2390 1168 2450; x_wconf 89' lang='lat' dir='ltr'><strong>et</strong></span> <span class='ocrx_word' id='word_1_142' title='bbox 1190 2383 1415 2451; x_wconf 86' lang='lat' dir='ltr'><strong>saluberrimus</strong></span> 
     </span>
     <span class='ocr_line' id='line_1_20' title="bbox 288 2487 1414 2570; baseline 0 -19"><span class='ocrx_word' id='word_1_143' title='bbox 288 2487 494 2570; x_wconf 80' lang='lat' dir='ltr'><strong>parsimoniae</strong></span> <span class='ocrx_word' id='word_1_144' title='bbox 515 2487 627 2552; x_wconf 89' lang='lat' dir='ltr'><strong>modus</strong></span> <span class='ocrx_word' id='word_1_145' title='bbox 656 2487 787 2553; x_wconf 89' lang='lat' dir='ltr'><strong>minime</strong></span> <span class='ocrx_word' id='word_1_146' title='bbox 816 2490 1068 2569; x_wconf 78' lang='lat' dir='ltr'><strong>transumuntur,</strong></span> <span class='ocrx_word' id='word_1_147' title='bbox 1098 2488 1217 2553; x_wconf 86' lang='lat' dir='ltr'><strong>suffieit</strong></span> <span class='ocrx_word' id='word_1_148' title='bbox 1246 2488 1283 2551; x_wconf 91' lang='lat' dir='ltr'><strong>nt</strong></span> <span class='ocrx_word' id='word_1_149' title='bbox 1307 2487 1414 2551; x_wconf 92' lang='lat' dir='ltr'><strong>indul-</strong></span> 
     </span>
     <span class='ocr_line' id='line_1_21' title="bbox 289 2590 1451 2678; baseline 0 -23"><span class='ocrx_word' id='word_1_150' title='bbox 289 2590 429 2675; x_wconf 86' lang='lat' dir='ltr'><strong>gentiam</strong></span> <span class='ocrx_word' id='word_1_151' title='bbox 462 2590 655 2658; x_wconf 85' lang='lat' dir='ltr'><strong>remissionis</strong></span> <span class='ocrx_word' id='word_1_152' title='bbox 685 2610 721 2657; x_wconf 92' lang='lat' dir='ltr'><strong>eo</strong></span> <span class='ocrx_word' id='word_1_153' title='bbox 750 2611 848 2674; x_wconf 89' lang='lat' dir='ltr'><strong>usque</strong></span> <span class='ocrx_word' id='word_1_154' title='bbox 877 2593 1022 2678; x_wconf 84' lang='lat' dir='ltr'><strong>progredi</strong></span> <span class='ocrx_word' id='word_1_155' title='bbox 1052 2592 1220 2677; x_wconf 88' lang='lat' dir='ltr'><strong>patiamur,</strong></span> <span class='ocrx_word' id='word_1_156' title='bbox 1251 2595 1287 2657; x_wconf 92' lang='lat' dir='ltr'><strong>ut</strong></span> <span class='ocrx_word' id='word_1_157' title='bbox 1314 2590 1451 2673; x_wconf 74' lang='lat' dir='ltr'><strong>rituque</strong></span> 
     </span>
     <span class='ocr_line' id='line_1_22' title="bbox 288 2685 1415 2780; baseline -0.001 -21"><span class='ocrx_word' id='word_1_158' title='bbox 288 2696 342 2777; x_wconf 92' lang='lat' dir='ltr'><strong>qui</strong></span> <span class='ocrx_word' id='word_1_159' title='bbox 363 2695 439 2760; x_wconf 90' lang='lat' dir='ltr'><strong>bora</strong></span> <span class='ocrx_word' id='word_1_160' title='bbox 460 2696 524 2762; x_wconf 91' lang='lat' dir='ltr'><strong>diei</strong></span> <span class='ocrx_word' id='word_1_161' title='bbox 546 2715 627 2761; x_wconf 87' lang='lat' dir='ltr'><strong>noua</strong></span> <span class='ocrx_word' id='word_1_162' title='bbox 648 2695 752 2761; x_wconf 83' lang='lat' dir='ltr'><strong>fuerat</strong></span> <span class='ocrx_word' id='word_1_163' title='bbox 774 2685 951 2780; x_wconf 77' lang='lat' dir='ltr'><strong>cupiendus,</strong></span> <span class='ocrx_word' id='word_1_164' title='bbox 975 2696 1068 2780; x_wconf 88' lang='lat' dir='ltr'><strong>paulo</strong></span> <span class='ocrx_word' id='word_1_165' title='bbox 1091 2697 1185 2761; x_wconf 88' lang='lat' dir='ltr'><strong>eitius</strong></span> <span class='ocrx_word' id='word_1_166' title='bbox 1207 2695 1240 2760; x_wconf 92' lang='lat' dir='ltr'><strong>id</strong></span> <span class='ocrx_word' id='word_1_167' title='bbox 1264 2695 1313 2760; x_wconf 88' lang='lat' dir='ltr'><strong>est</strong></span> <span class='ocrx_word' id='word_1_168' title='bbox 1328 2696 1415 2758; x_wconf 83' lang='lat' dir='ltr'><strong>serta</strong></span> 
     </span>
     <span class='ocr_line' id='line_1_23' title="bbox 287 2797 1411 2883; baseline -0.001 -21"><span class='ocrx_word' id='word_1_169' title='bbox 287 2797 364 2863; x_wconf 88' lang='lat' dir='ltr'><strong>bore</strong></span> <span class='ocrx_word' id='word_1_170' title='bbox 392 2815 448 2880; x_wconf 93' lang='lat' dir='ltr'><strong>pro</strong></span> <span class='ocrx_word' id='word_1_171' title='bbox 471 2799 646 2864; x_wconf 87' lang='lat' dir='ltr'><strong>lestiuitate</strong></span> <span class='ocrx_word' id='word_1_172' title='bbox 673 2800 822 2883; x_wconf 90' lang='lat' dir='ltr'><strong>temporis</strong></span> <span class='ocrx_word' id='word_1_173' title='bbox 852 2801 1003 2883; x_wconf 76' lang='lat' dir='ltr'><strong>rapiatur,</strong></span> <span class='ocrx_word' id='word_1_174' title='bbox 1034 2817 1070 2866; x_wconf 88' lang='lat' dir='ltr'><strong>ea</strong></span> <span class='ocrx_word' id='word_1_175' title='bbox 1096 2799 1215 2865; x_wconf 86' lang='lat' dir='ltr'><strong>ratione</strong></span> <span class='ocrx_word' id='word_1_176' title='bbox 1238 2799 1411 2876; x_wconf 56' lang='lat' dir='ltr'><strong>domarat,</strong></span> 
     </span>
     <span class='ocr_line' id='line_1_24' title="bbox 287 2901 1413 2987; baseline -0.001 -22"><span class='ocrx_word' id='word_1_177' title='bbox 287 2906 324 2965; x_wconf 91' lang='lat' dir='ltr'><strong>ut</strong></span> <span class='ocrx_word' id='word_1_178' title='bbox 346 2919 486 2966; x_wconf 88' lang='lat' dir='ltr'><strong>esearnm</strong></span> <span class='ocrx_word' id='word_1_179' title='bbox 507 2903 618 2968; x_wconf 91' lang='lat' dir='ltr'><strong>solitus</strong></span> <span class='ocrx_word' id='word_1_180' title='bbox 641 2902 751 2968; x_wconf 91' lang='lat' dir='ltr'><strong>modus</strong></span> <span class='ocrx_word' id='word_1_181' title='bbox 775 2902 824 2968; x_wconf 85' lang='lat' dir='ltr'><strong>nel</strong></span> <span class='ocrx_word' id='word_1_182' title='bbox 847 2904 982 2987; x_wconf 87' lang='lat' dir='ltr'><strong>qualitas</strong></span> <span class='ocrx_word' id='word_1_183' title='bbox 997 2921 1060 2968; x_wconf 93' lang='lat' dir='ltr'><strong>non</strong></span> <span class='ocrx_word' id='word_1_184' title='bbox 1075 2904 1224 2977; x_wconf 88' lang='lat' dir='ltr'><strong>mutetur,</strong></span> <span class='ocrx_word' id='word_1_185' title='bbox 1241 2920 1280 2966; x_wconf 94' lang='lat' dir='ltr'><strong>ne</strong></span> <span class='ocrx_word' id='word_1_186' title='bbox 1294 2901 1413 2982; x_wconf 80' lang='lat' dir='ltr'><strong>puritas</strong></span> 
     </span>
     <span class='ocr_line' id='line_1_25' title="bbox 287 3004 1412 3089; baseline 0 -20"><span class='ocrx_word' id='word_1_187' title='bbox 287 3005 424 3085; x_wconf 85' lang='lat' dir='ltr'><strong>eorporis</strong></span> <span class='ocrx_word' id='word_1_188' title='bbox 456 3007 510 3070; x_wconf 92' lang='lat' dir='ltr'><strong>uel</strong></span> <span class='ocrx_word' id='word_1_189' title='bbox 545 3006 712 3089; x_wconf 83' lang='lat' dir='ltr'><strong>integritas</strong></span> <span class='ocrx_word' id='word_1_190' title='bbox 748 3005 863 3072; x_wconf 87' lang='lat' dir='ltr'><strong>mentis</strong></span> <span class='ocrx_word' id='word_1_191' title='bbox 901 3007 1092 3073; x_wconf 85' lang='lat' dir='ltr'><strong>abstinentia</strong></span> <span class='ocrx_word' id='word_1_192' title='bbox 1126 3004 1412 3089; x_wconf 81' lang='lat' dir='ltr'><strong>Quadragensimae</strong></span> 
     </span>
     <span class='ocr_line' id='line_1_26' title="bbox 287 3106 1449 3194; baseline 0.002 -22"><span class='ocrx_word' id='word_1_193' title='bbox 287 3106 464 3189; x_wconf 76' lang='lat' dir='ltr'><strong>conquisita</strong></span> <span class='ocrx_word' id='word_1_194' title='bbox 485 3106 790 3191; x_wconf 79' lang='lat' dir='ltr'><strong>Quinquagensimae</strong></span> <span class='ocrx_word' id='word_1_195' title='bbox 808 3111 988 3176; x_wconf 88' lang='lat' dir='ltr'><strong>remissione</strong></span> <span class='ocrx_word' id='word_1_196' title='bbox 1005 3111 1150 3194; x_wconf 87' lang='lat' dir='ltr'><strong>depereat</strong></span> <span class='ocrx_word' id='word_1_197' title='bbox 1165 3109 1306 3191; x_wconf 88' lang='lat' dir='ltr'><strong>nihilque</strong></span> <span class='ocrx_word' id='word_1_198' title='bbox 1322 3107 1411 3173; x_wconf 88' lang='lat' dir='ltr'><strong>nobis</strong></span> <span class='ocrx_word' id='word_1_199' title='bbox 1422 3133 1449 3174; x_wconf 82' lang='lat' dir='ltr'><strong>se</strong></span> 
     </span>
     <span class='ocr_line' id='line_1_27' title="bbox 285 3210 1412 3296; baseline 0.001 -22"><span class='ocrx_word' id='word_1_200' title='bbox 285 3211 385 3293; x_wconf 93' lang='lat' dir='ltr'><strong>prosit</strong></span> <span class='ocrx_word' id='word_1_201' title='bbox 421 3210 593 3276; x_wconf 85' lang='lat' dir='ltr'><strong>obtinuisse</strong></span> <span class='ocrx_word' id='word_1_202' title='bbox 626 3213 762 3293; x_wconf 91' lang='lat' dir='ltr'><strong>ieiuniis,</strong></span> <span class='ocrx_word' id='word_1_203' title='bbox 797 3215 878 3295; x_wconf 92' lang='lat' dir='ltr'><strong>quod</strong></span> <span class='ocrx_word' id='word_1_204' title='bbox 914 3231 983 3278; x_wconf 87' lang='lat' dir='ltr'><strong>mor</strong></span> <span class='ocrx_word' id='word_1_205' title='bbox 1020 3213 1126 3278; x_wconf 88' lang='lat' dir='ltr'><strong>amitti</strong></span> <span class='ocrx_word' id='word_1_206' title='bbox 1160 3213 1252 3296; x_wconf 90' lang='lat' dir='ltr'><strong>oogat</strong></span> <span class='ocrx_word' id='word_1_207' title='bbox 1284 3211 1412 3276; x_wconf 86' lang='lat' dir='ltr'><strong>ineauta</strong></span> 
     </span>
     <span class='ocr_line' id='line_1_28' title="bbox 285 3313 1411 3398; baseline 0.003 -21"><span class='ocrx_word' id='word_1_208' title='bbox 285 3313 443 3396; x_wconf 86' lang='lat' dir='ltr'><strong>saturitas,</strong></span> <span class='ocrx_word' id='word_1_209' title='bbox 481 3313 665 3396; x_wconf 87' lang='lat' dir='ltr'><strong>praesertim</strong></span> <span class='ocrx_word' id='word_1_210' title='bbox 701 3334 773 3380; x_wconf 90' lang='lat' dir='ltr'><strong>oum</strong></span> <span class='ocrx_word' id='word_1_211' title='bbox 813 3317 908 3381; x_wconf 90' lang='lat' dir='ltr'><strong>etiam</strong></span> <span class='ocrx_word' id='word_1_212' title='bbox 944 3318 1043 3382; x_wconf 90' lang='lat' dir='ltr'><strong>bostis</strong></span> <span class='ocrx_word' id='word_1_213' title='bbox 1077 3319 1175 3384; x_wconf 89' lang='lat' dir='ltr'><strong>nostri</strong></span> <span class='ocrx_word' id='word_1_214' title='bbox 1207 3334 1270 3381; x_wconf 92' lang='lat' dir='ltr'><strong>non</strong></span> <span class='ocrx_word' id='word_1_215' title='bbox 1301 3315 1411 3398; x_wconf 85' lang='lat' dir='ltr'><strong>ignota</strong></span> 
     </span>
     <span class='ocr_line' id='line_1_29' title="bbox 285 3417 1408 3504; baseline -0.001 -22"><span class='ocrx_word' id='word_1_216' title='bbox 285 3417 424 3482; x_wconf 88' lang='lat' dir='ltr'><strong>uersutia</strong></span> <span class='ocrx_word' id='word_1_217' title='bbox 447 3421 521 3482; x_wconf 86' lang='lat' dir='ltr'><strong>tuno</strong></span> <span class='ocrx_word' id='word_1_218' title='bbox 533 3417 697 3500; x_wconf 77' lang='lat' dir='ltr'><strong>praecipue</strong></span> <span class='ocrx_word' id='word_1_219' title='bbox 718 3417 926 3485; x_wconf 88' lang='lat' dir='ltr'><strong>munitionem</strong></span> <span class='ocrx_word' id='word_1_220' title='bbox 941 3422 1065 3485; x_wconf 89' lang='lat' dir='ltr'><strong>nostrae</strong></span> <span class='ocrx_word' id='word_1_221' title='bbox 1081 3417 1228 3504; x_wconf 89' lang='lat' dir='ltr'><strong>puritatis</strong></span> <span class='ocrx_word' id='word_1_222' title='bbox 1245 3419 1408 3502; x_wconf 81' lang='lat' dir='ltr'><strong>inpugnat,</strong></span> 
     </span>
    </p>
   </div>
   <div class='ocr_carea' id='block_1_4' title="bbox 386 3595 645 3664">
    <p class='ocr_par' dir='ltr' id='par_1_6' title="bbox 386 3595 645 3664">
     <span class='ocr_line' id='line_1_30' title="bbox 386 3595 645 3664; baseline 0 -14"><span class='ocrx_word' id='word_1_223' title='bbox 386 3595 645 3664; x_wconf 63' lang='lat' dir='ltr'><strong>diuitum)</strong></span> 
     </span>
    </p>
   </div>
   <div class='ocr_carea' id='block_1_5' title="bbox 282 3759 1411 4431">
    <p class='ocr_par' dir='ltr' id='par_1_7' title="bbox 282 3759 1411 4431">
     <span class='ocr_line' id='line_1_31' title="bbox 336 3759 1411 3830; baseline 0.004 -17"><span class='ocrx_word' id='word_1_224' title='bbox 336 3759 514 3815; x_wconf 80' lang='lat' dir='ltr'><strong>2solonuonie</strong></span> <span class='ocrx_word' id='word_1_225' title='bbox 533 3759 602 3815; x_wconf 75' lang='grc' dir='ltr'><strong>ΒΚι</strong></span> <span class='ocrx_word' id='word_1_226' title='bbox 699 3761 796 3830; x_wconf 86' lang='lat' dir='ltr'><strong>queO</strong></span> <span class='ocrx_word' id='word_1_227' title='bbox 894 3764 1112 3820; x_wconf 74' lang='lat' dir='ltr'><strong>dabbominatio</strong></span> <span class='ocrx_word' id='word_1_228' title='bbox 1130 3765 1158 3819; x_wconf 99' lang='grc' dir='ltr'><strong><em>Β</em></strong></span> <span class='ocrx_word' id='word_1_229' title='bbox 1255 3764 1411 3818; x_wconf 82' lang='lat' dir='ltr'><strong>bdestriet.</strong></span> 
     </span>
     <span class='ocr_line' id='line_1_32' title="bbox 283 3844 1410 3916; baseline 0.004 -16"><span class='ocrx_word' id='word_1_230' title='bbox 283 3844 314 3900; x_wconf 81' lang='grc' dir='ltr'><strong><em>Β</em></strong></span> <span class='ocrx_word' id='word_1_231' title='bbox 414 3862 493 3914; x_wconf 86' lang='lat' dir='ltr'><strong>quam</strong></span> <span class='ocrx_word' id='word_1_232' title='bbox 511 3847 622 3902; x_wconf 70' lang='lat' dir='ltr'><strong>BFKl:</strong></span> <span class='ocrx_word' id='word_1_233' title='bbox 652 3862 720 3916; x_wconf 89' lang='lat' dir='ltr'><strong>quae</strong></span> <span class='ocrx_word' id='word_1_234' title='bbox 739 3847 851 3904; x_wconf 83' lang='lat' dir='ltr'><strong>0K²Ze</strong></span> <span class='ocrx_word' id='word_1_235' title='bbox 953 3850 1160 3906; x_wconf 74' lang='lat' dir='ltr'><strong>taddeutantes</strong></span> <span class='ocrx_word' id='word_1_236' title='bbox 1177 3850 1216 3904; x_wconf 76' lang='lat' dir='ltr'><strong>F*</strong></span> <span class='ocrx_word' id='word_1_237' title='bbox 1322 3851 1351 3904; x_wconf 95' lang='lat' dir='ltr'><strong>ll</strong></span> <span class='ocrx_word' id='word_1_238' title='bbox 1371 3851 1410 3904; x_wconf 91' lang='lat' dir='ltr'><strong>in·</strong></span> 
     </span>
     <span class='ocr_line' id='line_1_33' title="bbox 282 3929 1411 4004; baseline 0.002 -20"><span class='ocrx_word' id='word_1_239' title='bbox 282 3930 364 3984; x_wconf 88' lang='lat' dir='ltr'><strong>terim</strong></span> <span class='ocrx_word' id='word_1_240' title='bbox 396 3929 460 4000; x_wconf 73' lang='lat' dir='ltr'><strong>Ode</strong></span> <span class='ocrx_word' id='word_1_241' title='bbox 563 3931 597 3985; x_wconf 90' lang='lat' dir='ltr'><strong>ed</strong></span> <span class='ocrx_word' id='word_1_242' title='bbox 623 3931 664 3986; x_wconf 85' lang='lat' dir='ltr'><strong>K¹</strong></span> <span class='ocrx_word' id='word_1_243' title='bbox 769 3933 803 3988; x_wconf 83' lang='lat'><strong>14</strong></span> <span class='ocrx_word' id='word_1_244' title='bbox 829 3934 969 4004; x_wconf 86' lang='lat' dir='ltr'><strong>sollempn.</strong></span> <span class='ocrx_word' id='word_1_245' title='bbox 995 3935 1023 3989; x_wconf 99' lang='grc' dir='ltr'><strong><em>Β</em></strong></span> <span class='ocrx_word' id='word_1_246' title='bbox 1054 3936 1164 3990; x_wconf 88' lang='lat' dir='ltr'><strong>solemn.</strong></span> <span class='ocrx_word' id='word_1_247' title='bbox 1192 3933 1225 3990; x_wconf 81' lang='lat' dir='ltr'><strong><em>K</em></strong></span> <span class='ocrx_word' id='word_1_248' title='bbox 1326 3933 1411 4002; x_wconf 88' lang='lat' dir='ltr'><strong>adque</strong></span> 
     </span>
     <span class='ocr_line' id='line_1_34' title="bbox 283 4015 1410 4089; baseline 0.001 -17"><span class='ocrx_word' id='word_1_249' title='bbox 283 4015 325 4072; x_wconf 63' lang='grc' dir='ltr'><strong>Κ*</strong></span> <span class='ocrx_word' id='word_1_250' title='bbox 428 4018 461 4072; x_wconf 84' lang='grc'>15</span> <span class='ocrx_word' id='word_1_251' title='bbox 487 4018 562 4072; x_wconf 91' lang='lat' dir='ltr'><strong>illius</strong></span> <span class='ocrx_word' id='word_1_252' title='bbox 588 4017 625 4086; x_wconf 67' lang='lat' dir='ltr'><strong>do</strong></span> <span class='ocrx_word' id='word_1_253' title='bbox 728 4020 761 4073; x_wconf 89' lang='grc'><strong>16</strong></span> <span class='ocrx_word' id='word_1_254' title='bbox 788 4019 932 4074; x_wconf 86' lang='lat' dir='ltr'><strong>obtendere</strong></span> <span class='ocrx_word' id='word_1_255' title='bbox 955 4019 996 4073; x_wconf 87' lang='lat' dir='ltr'><strong>K¹</strong></span> <span class='ocrx_word' id='word_1_256' title='bbox 1100 4020 1157 4076; x_wconf 88' lang='lat' dir='ltr'><strong>illle</strong></span> <span class='ocrx_word' id='word_1_257' title='bbox 1179 4020 1196 4089; x_wconf 78' lang='grc' dir='ltr'>β</span> <span class='ocrx_word' id='word_1_258' title='bbox 1299 4020 1332 4074; x_wconf 90' lang='grc'><strong>18</strong></span> <span class='ocrx_word' id='word_1_259' title='bbox 1358 4019 1410 4073; x_wconf 94' lang='lat' dir='ltr'><strong>sol·</strong></span> 
     </span>
     <span class='ocr_line' id='line_1_35' title="bbox 283 4102 1410 4174; baseline 0.002 -18"><span class='ocrx_word' id='word_1_260' title='bbox 283 4102 434 4157; x_wconf 85' lang='lat' dir='ltr'><strong>lumnitatis</strong></span> <span class='ocrx_word' id='word_1_261' title='bbox 460 4103 483 4158; x_wconf 91' lang='lat'><strong><em>0</em></strong></span> <span class='ocrx_word' id='word_1_262' title='bbox 584 4103 616 4158; x_wconf 83' lang='lat'><strong>21</strong></span> <span class='ocrx_word' id='word_1_263' title='bbox 641 4120 712 4158; x_wconf 89' lang='lat' dir='ltr'><strong>nona</strong></span> <span class='ocrx_word' id='word_1_264' title='bbox 736 4103 789 4159; x_wconf 88' lang='lat' dir='ltr'><strong>diei</strong></span> <span class='ocrx_word' id='word_1_265' title='bbox 813 4104 871 4159; x_wconf 85' lang='lat' dir='ltr'><strong>BF</strong></span> <span class='ocrx_word' id='word_1_266' title='bbox 972 4107 1005 4159; x_wconf 82' lang='lat'><strong>24</strong></span> <span class='ocrx_word' id='word_1_267' title='bbox 1028 4109 1130 4160; x_wconf 86' lang='lat' dir='ltr'><strong>mentes</strong></span> <span class='ocrx_word' id='word_1_268' title='bbox 1153 4105 1193 4160; x_wconf 83' lang='lat' dir='ltr'><strong>K¹</strong></span> <span class='ocrx_word' id='word_1_269' title='bbox 1296 4105 1410 4174; x_wconf 89' lang='lat' dir='ltr'><strong>qnadra-</strong></span> 
     </span>
     <span class='ocr_line' id='line_1_36' title="bbox 283 4188 1336 4262; baseline 0.005 -21"><span class='ocrx_word' id='word_1_270' title='bbox 283 4189 402 4256; x_wconf 83' lang='lat' dir='ltr'><strong>gesimae</strong></span> <span class='ocrx_word' id='word_1_271' title='bbox 425 4188 507 4244; x_wconf 80' lang='lat' dir='ltr'><strong>BFO</strong></span> <span class='ocrx_word' id='word_1_272' title='bbox 609 4188 643 4242; x_wconf 83' lang='lat'><strong>25</strong></span> <span class='ocrx_word' id='word_1_273' title='bbox 666 4190 816 4259; x_wconf 83' lang='lat' dir='ltr'><strong>conquisita</strong></span> <span class='ocrx_word' id='word_1_274' title='bbox 835 4189 904 4244; x_wconf 85' lang='lat' dir='ltr'><strong>BF:</strong></span> <span class='ocrx_word' id='word_1_275' title='bbox 934 4190 1095 4262; x_wconf 83' lang='lat' dir='ltr'><strong>diligentius</strong></span> <span class='ocrx_word' id='word_1_276' title='bbox 1112 4191 1248 4260; x_wconf 87' lang='lat' dir='ltr'><strong>adquisita</strong></span> <span class='ocrx_word' id='word_1_277' title='bbox 1269 4190 1336 4260; x_wconf 65' lang='lat' dir='ltr'><strong>Ode</strong></span> 
     </span>
     <span class='ocr_line' id='line_1_37' title="bbox 284 4273 1410 4345; baseline 0.004 -19"><span class='ocrx_word' id='word_1_278' title='bbox 284 4273 540 4342; x_wconf 88' lang='lat' dir='ltr'><strong>quinquagensimae</strong></span> <span class='ocrx_word' id='word_1_279' title='bbox 555 4290 607 4328; x_wconf 76' lang='lat' dir='ltr'><strong>om.</strong></span> <span class='ocrx_word' id='word_1_280' title='bbox 625 4274 686 4329; x_wconf 78' lang='lat' dir='ltr'><strong>BF</strong></span> <span class='ocrx_word' id='word_1_281' title='bbox 706 4275 974 4345; x_wconf 80' lang='lat' dir='ltr'><strong>quinquagesimeo</strong></span> <span class='ocrx_word' id='word_1_282' title='bbox 1072 4277 1106 4332; x_wconf 80' lang='lat'><strong>26</strong></span> <span class='ocrx_word' id='word_1_283' title='bbox 1124 4276 1276 4332; x_wconf 86' lang='lat' dir='ltr'><strong>obtenuisse</strong></span> <span class='ocrx_word' id='word_1_284' title='bbox 1294 4277 1333 4331; x_wconf 90' lang='lat' dir='ltr'><strong>B¹</strong></span> <span class='ocrx_word' id='word_1_285' title='bbox 1363 4277 1410 4331; x_wconf 90' lang='lat' dir='ltr'><strong>ob·</strong></span> 
     </span>
     <span class='ocr_line' id='line_1_38' title="bbox 284 4358 965 4431; baseline 0.01 -21"><span class='ocrx_word' id='word_1_286' title='bbox 284 4359 411 4411; x_wconf 84' lang='lat' dir='ltr'><strong>stinnisae</strong></span> <span class='ocrx_word' id='word_1_287' title='bbox 428 4359 457 4412; x_wconf 83' lang='lat' dir='ltr'><strong><em>F</em></strong></span> <span class='ocrx_word' id='word_1_288' title='bbox 484 4358 682 4429; x_wconf 56' lang='lat' dir='ltr'><strong>abstinuisset</strong></span> <span class='ocrx_word' id='word_1_289' title='bbox 784 4361 818 4415; x_wconf 75' lang='lat' dir='ltr'><strong>el</strong></span> <span class='ocrx_word' id='word_1_290' title='bbox 836 4377 919 4431; x_wconf 89' lang='lat' dir='ltr'><strong>quum</strong></span> <span class='ocrx_word' id='word_1_291' title='bbox 942 4361 965 4416; x_wconf 91' lang='grc'>0</span> 
     </span>
    </p>
   </div>
   <div class='ocr_carea' id='block_1_6' title="bbox 0 0 1510 5200">
    <p class='ocr_par' dir='ltr' id='par_1_8' title="bbox 0 0 1510 5200">
     <span class='ocr_line' id='line_1_39' title="bbox 0 0 1510 5200; baseline 0 4"><span class='ocrx_word' id='word_1_292' title='bbox 0 0 1510 5200; x_wconf 95' lang='lat' dir='ltr'><strong> </strong></span> 
     </span>
    </p>
   </div>
  </div>
 </body>
</html>
