3009 5200
252 465 315 532 706
643 466 808 521 lobannis
825 463 983 519 Cassiani

250 659 441 724 continentia
470 657 626 738 coniugali
657 657 757 722 maior
786 657 934 740 centuplo
964 655 1107 720 suauitas
1136 657 1177 720 ab
1207 654 1276 730 illa,
1297 675 1378 739 quae

219 763 295 828 deis
332 763 466 830 inuicem
502 779 557 842 per
594 761 835 826 conmixtionem
881 778 1013 825 sexuum
1056 758 1272 842 praebebatur.
1319 778 1377 843 pro

249 866 370 931 laetitia
391 883 511 948 quoque
534 864 598 942 illa,
622 882 716 946 quam
740 865 773 928 in
795 863 889 929 nnius
912 865 982 946 agri
1003 883 1040 928 ac
1058 865 1169 928 domus
1184 864 1377 945 possessione

250 970 319 1052 quis
349 968 469 1044 habuit,
500 970 646 1050 centuplo
676 969 792 1033 maiore
824 967 1010 1034 diuitiarum
1040 967 1155 1049 gaudio
1188 969 1378 1050 perfruetur,

249 1076 302 1156 qui
323 1073 357 1136 in
378 1071 578 1154 adoptionem
602 1072 759 1136 transiens
786 1070 922 1136 liliorum
938 1072 987 1135 dei
1003 1073 1150 1138 uniuersa
1165 1090 1244 1154 quae
1257 1074 1377 1137 aeterni
1399 1100 1413 1138 s

248 1181 323 1240 sunt
345 1176 444 1259 patris
469 1179 503 1239 ut
525 1178 650 1257 propria
677 1175 851 1256 possidebit
871 1180 904 1240 et
926 1175 1054 1240 adiectu
1075 1179 1169 1258 atquo
1191 1176 1312 1241 uirtute
1335 1177 1376 1240 ad

248 1280 458 1344 imitationem
474 1279 541 1344 ueri
558 1279 643 1344 illius
661 1279 717 1344 lilii
732 1278 955 1362 proclamabit:
982 1281 1115 1343 omnia
1135 1299 1236 1362 quae
1258 1278 1376 1346 habet

248 1388 361 1468 pater
382 1401 465 1448 mea
487 1385 597 1465 sunt,
621 1401 678 1448 nec
699 1383 766 1447 iam
787 1400 860 1448 cum
889 1383 946 1448 illa
968 1383 1092 1464 poenali
1115 1383 1318 1448 distentionis
1339 1401 1378 1448 ac

248 1487 470 1552 sollicitudinis
504 1505 587 1565 cura,
621 1486 676 1554 scd
710 1504 840 1552 securus
869 1507 906 1554 ac
937 1488 1040 1553 laetus
1070 1489 1160 1552 uelut
1187 1487 1376 1571 inpropriis

249 1592 364 1675 ubique
379 1593 534 1672 succedet,
552 1592 682 1658 audiens
704 1592 817 1657 cotidie
833 1592 963 1657 sibimet
976 1593 1016 1658 ab
1031 1591 1171 1673 apostolo
1185 1590 1376 1674 praedicari:
1388 1613 1413 1652 ιο

248 1697 380 1762 omnia
402 1695 506 1761 enim
529 1699 667 1761 uestra
688 1700 798 1774 sunt,
829 1698 916 1760 siue
946 1697 1132 1772 mundus,
1157 1696 1246 1760 siue
1267 1714 1376 1779 prae-

249 1800 383 1866 sentia
404 1802 489 1865 sius
519 1799 672 1876 futura,
695 1804 727 1866 et
749 1820 769 1866 a
791 1800 971 1866 Salomone:
999 1800 1141 1866 tidelis
1165 1799 1243 1864 uiri
1265 1800 1376 1863 totns

219 1905 412 1969 bmnndus
434 1904 682 1970 diuitiarum.
720 1905 816 1972 habes
840 1925 914 1990 ergo
936 1906 1030 1970 istam
1053 1903 1192 1985 centupli
1211 1902 1376 1968 retributi-

249 2025 339 2072 onem
362 2008 395 2072 in
418 2007 634 2092 magnitudine
656 2009 763 2074 meriti
787 2009 875 2074 etin
900 2010 1087 2075 discretione
1110 2011 1176 2073 tam
1191 2009 1376 2090 inconpara-

249 2111 321 2175 bilis
345 2111 508 2194 qualitatis
530 2131 716 2194 expressam.
754 2131 855 2195 neque
885 2113 969 2177 enim
992 2114 1018 2176 si
1040 2131 1097 2195 pro
1120 2112 1202 2178 aeris
1224 2115 1280 2176 ant
1302 2109 1412 2174 terrine

249 2221 303 2279 aut
325 2213 447 2279 uilioris
471 2215 653 2297 cuiusquam
676 2217 801 2280 metalli
823 2223 909 2282 certo
931 2217 1066 2299 pondere
1089 2217 1276 2281 tantundem
1296 2231 1375 2297 pon·

249 2318 330 2383 deris
351 2319 404 2382 scd
427 2319 494 2382 auri
510 2318 664 2401 quispiam
682 2319 879 2398 reddidisset,
903 2339 966 2386 non
980 2319 1078 2385 stiam
1094 2320 1231 2401 amplius
1247 2318 1375 2383 restitu-

249 2423 310 2486 isse
347 2439 440 2504 quam
477 2422 657 2504 centuplum
695 2423 869 2489 uideretur:
910 2424 956 2488 ita
992 2442 1063 2488 cum
1099 2440 1154 2506 pru
1191 2423 1375 2506 contemptu

250 2527 448 2610 uoluptatum
483 2527 514 2590 et
547 2527 726 2593 adfectuum
759 2531 953 2593 terrenorum
987 2528 1129 2612 spiritale
1161 2525 1312 2611 gaudium
1342 2525 1376 2588 et

249 2630 487 2714 pretiosissimae
509 2633 647 2697 caritatis
670 2632 850 2699 iucunditas
876 2634 1067 2714 repensatur,
1091 2632 1219 2697 etiamsi
1240 2631 1309 2713 ipse
1331 2631 1411 2696 sitio

249 2753 408 2809 numerus,
443 2737 589 2819 centuplo
619 2740 723 2803 tamen
754 2737 829 2802 baec
859 2738 958 2802 maior
989 2740 1083 2818 atque
1106 2736 1294 2819 praeclarior
1315 2736 1373 2799 est.

219 2842 281 2905 6et
304 2840 341 2903 ut
363 2838 421 2903 hoc
437 2840 611 2905 euidentius
627 2842 735 2907 crebra
749 2840 935 2923 repetitions
951 2840 1115 2905 reddatur:
1138 2858 1266 2905 uxorem
1282 2840 1375 2904 antea

247 2941 279 3005 in
314 2942 429 3007 lasciuo
458 2944 643 3024 passione
672 2942 871 3009 desiderii
901 2944 1107 3025 possidebam,
1138 2943 1221 3008 hanc
1243 2944 1372 3008 eandem

247 3044 280 3109 in
306 3044 420 3111 honore
453 3046 710 3111 sanctificationis
740 3050 772 3111 et
794 3066 870 3113 uera
892 3046 1009 3113 Christi
1033 3047 1197 3113 dilectione
1217 3044 1374 3128 possideo:

248 3166 310 3213 una
339 3154 387 3213 est
416 3150 539 3230 mulier,
572 3151 625 3215 sed
649 3150 832 3233 centuplum
863 3151 964 3215 creuit
986 3152 1135 3215 meritum
1157 3150 1310 3215 caritatis.
1347 3151 1411 3213 sias

248 3254 353 3317 autem
383 3260 414 3319 et
443 3272 498 3337 pro
529 3254 594 3320 irae
621 3272 658 3319 ac
680 3253 795 3319 furoris
816 3255 1051 3336 perturbatione
1074 3256 1178 3339 iugem
1203 3254 1374 3335 pationtiae

248 3358 418 3436 lenitatem,
445 3377 500 3443 pro
530 3358 753 3424 sollicitudinis
776 3377 813 3425 ac
835 3358 1034 3425 distentionis
1057 3376 1172 3442 angore
1195 3358 1373 3423 securritatis

348 3560 576 3631 sumnus
654 3563 857 3628 occursu
936 3563 1168 3629 ursaceus
1243 3561 1374 3617 urm.

247 3646 288 3714 rr,
308 3647 325 3701 ο
344 3644 438 3715 (unx)
542 3647 794 3716 scrutatus

296 3818 313 3871 2
336 3817 483 3873 debebatur
504 3820 528 3875 Ο
630 3820 842 3890 3possessiones
860 3820 899 3875 Ρ
1002 3822 1019 3874 6
1042 3820 1139 3889 patriis
1157 3820 1189 3874 F
1288 3833 1375 3888 posce·

245 3903 319 3959 debit
337 3904 395 3960 BF
486 3910 513 3961 et
531 3906 671 3961 sd...bc'c
688 3907 788 3962 desinit
808 3907 835 3961 B
930 3907 1060 3976 udqueO
1163 3906 1196 3960 10
1214 3904 1330 3959 succedit
1348 3904 1380 3958 F

249 3989 300 4046 ΟΖ
400 3990 512 4047 cottidie
533 3993 582 4048 ΟΖ
685 3994 717 4047 12
739 3998 766 4047 et
785 3994 948 4049 salomonO
1050 3992 1084 4047 15
1104 3992 1161 4062 pro]
1179 3992 1261 4046 otiam
1280 3990 1310 4045 F

247 4079 278 4131 16
301 4076 410 4146 ponderi
434 4077 474 4133 F²
577 4080 745 4135 tantumdem
765 4081 788 4135 0
892 4082 923 4134 17
947 4080 993 4135 sed
1010 4095 1080 4134 cras.
1098 4081 1130 4132 in
1149 4078 1186 4133 Z:
1213 4095 1262 4132 om
1284 4078 1307 4133 0

244 4164 410 4219 restituisset
435 4164 497 4220 FZ¹
603 4166 635 4221 18
662 4184 720 4221 cum
749 4184 800 4223 orn,
825 4170 856 4223 F
955 4169 1090 4222 contemtu
1107 4166 1137 4221 F
1237 4166 1270 4219 19
1287 4167 1315 4218 et
1333 4164 1376 4218 F:

244 4249 329 4317 sdque
352 4252 375 4307 0
401 4256 481 4322 utque
498 4253 544 4309 Zu
648 4254 682 4307 20
700 4256 856 4323 pretioseO
958 4254 1108 4308 iocunditas
1126 4252 1182 4307 ΓΖ
1282 4268 1375 4322 repen·

244 4338 361 4393 soturO
463 4340 497 4395 22
515 4356 623 4395 uxorem
641 4357 720 4410 quam
739 4342 862 4398 anteaO
965 4342 998 4397 23
1021 4341 1121 4396 lasciue
1138 4340 1259 4409 passione
1276 4338 1317 4391 F:
1349 4356 1378 4407 p.

243 4420 350 4491 fragilis
373 4423 443 4479 OZo
546 4426 579 4481 26
598 4430 625 4480 et
643 4426 736 4483 om.O
839 4428 871 4484 27
893 4430 1050 4483 securitates
1068 4426 1106 4481 Ρ
