3009 5200
494 435 654 492 Oonletie
676 435 738 500 XII,
756 436 852 490 e-n.
1169 437 1232 502 351

102 627 222 693 uictori
259 625 396 692 conferet
435 623 626 691 tirmitetem.
669 623 869 708 quemobrem
897 628 994 691 donec
1025 625 1145 708 pnlsmi
1176 629 1262 694 nost

104 731 213 795 curnis
235 728 429 794 conmoticne
452 729 612 805 sentimus,
639 728 819 794 mouerimus
841 745 897 794 nos
919 731 957 794 ed
980 729 1137 795 cestitetis
1158 745 1233 792 nec·

102 834 188 898 dum
210 831 389 915 peruenisse
410 829 548 912 fatigia,
563 833 616 896 sed
633 831 734 895 edisne
748 829 806 898 snb
823 830 1005 896 infirmitate
1022 831 1233 896 continentius

103 934 296 1001 constitutos
318 931 443 1014 proeliis
463 929 600 1016 setigeri,
623 932 794 1015 inquibus
815 936 1004 1000 necesseest
1026 933 1137 998 dubios
1161 950 1230 998 esse

81 1057 234 1120 ssemper
249 1038 395 1125 nonestus.
431 1035 512 1118 quod
535 1039 640 1102 eutem
669 1037 886 1102 ineuitabilem
913 1055 980 1103 esse
1003 1037 1233 1102 conmotionem

105 1143 214 1206 curnis
238 1141 297 1206 hec
318 1141 477 1206 adstruere
497 1139 643 1204 uoluistis
666 1139 790 1220 indicio,
815 1140 896 1223 quod
918 1159 955 1206 en
977 1159 1017 1206 ne
1030 1139 1093 1221 ipsi
1107 1139 1231 1222 quidem

104 1244 245 1310 eunuchi
269 1261 373 1308 cerere
396 1243 529 1324 demptis
552 1241 742 1326 genitalibus
764 1245 904 1325 possunt,
927 1244 1087 1308 sciendum
1109 1245 1233 1307 estnon

104 1347 157 1412 eis
186 1348 322 1412 curceles
354 1348 459 1410 aestus
488 1363 545 1410 nec
567 1344 712 1411 effectum
739 1346 891 1431 libidinis,
914 1347 969 1412 sed
991 1347 1088 1412 solem
1112 1345 1233 1410 setiune

106 1449 322 1535 generationis
352 1449 456 1514 deesse
484 1449 644 1514 uirtutem.
683 1449 767 1514 unde
795 1449 997 1514 menifestum
1025 1451 1074 1514 est
1100 1466 1139 1513 ne
1160 1446 1264 1511 illos4

73 1576 98 1613 ιο
107 1551 248 1636 quidem,
271 1554 296 1617 si
319 1553 358 1616 od
381 1551 461 1616 herc
482 1551 518 1616 ud
543 1569 637 1634 quum
660 1569 715 1616 nos
742 1551 873 1618 nitimur
896 1552 1074 1619 castitatem
1103 1551 1234 1632 cupiunt

107 1656 283 1741 peruenire,
308 1655 347 1720 ab
370 1653 550 1720 humilitate
573 1656 605 1720 et
627 1653 812 1721 contritione
837 1657 937 1721 cordis
958 1656 1009 1720 uel
1025 1654 1234 1720 continentiae

109 1759 305 1826 districtione
333 1757 445 1824 debere
472 1758 580 1843 leucri,
609 1759 684 1823 licet
714 1777 909 1842 nequaquem
932 1761 975 1824 sit
997 1758 1242 1825 discredendum·

108 1863 231 1927 minero
254 1861 293 1927 sb
316 1862 359 1928 eis
381 1860 598 1927 castimoniam
619 1877 708 1944 pesse
730 1862 835 1927 lutere
849 1879 885 1927 eo
899 1861 1004 1928 studio
1017 1861 1232 1942 conprehendi.

154 1980 209 2045 XI.
248 1981 454 2062 Quamobrem
488 1981 636 2064 perfectio
681 1983 838 2048 cestitetis
875 1999 895 2047 s
929 1982 1091 2047 laboriosis
1133 1981 1232 2047 conti-

76 2085 236 2149 nsnentiae
264 2082 450 2151 rudimentis
478 2091 628 2168 perpetua
657 2085 888 2168 tranquillitate
921 2083 1117 2150 discernitur.
1156 2083 1233 2148 haec

110 2187 159 2251 est
185 2188 268 2252 enim
298 2205 388 2252 uerte
415 2189 638 2254 consummatio
666 2187 830 2264 castitatis,
858 2205 938 2272 quse
966 2207 1027 2253 non
1060 2187 1233 2269 inpugnans

112 2290 246 2354 emmelis
282 2289 549 2373 concupiscentiae
584 2293 696 2370 motus,
730 2290 784 2356 sed
817 2293 884 2355 toto
917 2291 1041 2356 horrore
1074 2288 1233 2353 detestans

110 2392 215 2475 iugem
250 2393 343 2474 utque
376 2391 590 2459 inuiolabilem
623 2396 670 2459 sui
704 2393 820 2458 retinet
846 2394 1019 2477 puritatem
1048 2411 1104 2458 nec
1131 2395 1234 2474 potest

112 2495 197 2560 aliud
226 2497 299 2579 quid
322 2513 386 2561 esse
409 2513 502 2579 quem
528 2497 689 2564 senctites.
726 2498 784 2563 hoc
812 2499 917 2562 sutem
938 2495 1002 2576 liet,
1025 2494 1146 2579 qusndc
1169 2495 1234 2560 ism

79 2601 253 2667 indesinens
282 2621 352 2667 cero
381 2602 529 2668 aduersus
556 2604 702 2685 spiritum
735 2602 951 2685 concupiscere
981 2601 1140 2667 desideriis
1167 2597 1235 2664 eius

110 2704 286 2787 uirtutique
315 2703 515 2783 consenserit,
539 2709 755 2789 coeperintque
777 2706 838 2771 sibi
863 2706 996 2771 inuicem
1019 2722 1094 2787 poce
1118 2702 1234 2768 firmis·

111 2809 189 2871 sime
219 2807 372 2873 foederari
396 2808 427 2873 et
449 2811 618 2874 secundum
645 2808 877 2893 psalmographi
898 2806 1085 2873 sententium
1108 2805 1234 2872 hebitu-

110 2910 214 2975 uerint
253 2910 400 2975 fratres
432 2912 472 2975 in
507 2930 641 2993 unum,
678 2913 769 2978 illem
804 2913 1024 2995 repromissum
1057 2928 1077 2975 e
1109 2910 1234 2975 domino

110 3013 334 3080 testitudinem
356 3012 550 3098 possidentes
572 3014 610 3080 de
633 3033 694 3098 qus
715 3016 776 3081 uit:
798 3014 831 3082 si
853 3016 925 3081 duo
948 3032 990 3079 ex
1011 3011 1125 3078 uobis
1148 3029 1233 3077 ecn-

79 3116 315 3181 essnserint
348 3136 463 3200 super
497 3122 643 3183 terrem
674 3118 720 3182 de
753 3118 856 3183 omni
884 3136 924 3181 re
953 3132 1233 3200 quemcumque

110 3218 325 3299 petierint,
353 3220 427 3285 fiet
456 3220 546 3285 illis
567 3238 586 3286 n
608 3220 720 3301 petre
749 3239 830 3286 meo
859 3218 990 3302 quiin
1018 3218 1141 3283 ceelis
1164 3217 1232 3281 est.

110 3322 250 3404 quisquis
273 3340 345 3407 ergo
366 3323 590 3389 intellectualis
612 3322 699 3389 illius
727 3324 831 3406 Iacob,
860 3322 894 3388 id
920 3326 969 3388 est
990 3311 1239 3405 subplantatoris
1243 3322 1263 3387 2

112 3426 337 3491 trumeenderit
368 3424 511 3511 gradum,
541 3427 579 3493 eb
609 3427 667 3493 ille
700 3428 909 3493 continentiae
943 3424 1171 3490 conluctatione
1197 3442 1234 3489 uc

212 3644 247 3700 23
264 3644 309 3699 Pe.
329 3646 386 3712 132,
406 3647 420 3700 1
522 3646 557 3700 24
574 3645 625 3700 Mt.
645 3647 685 3710 18,
704 3646 737 3701 19

163 3848 742 3920 rpossfirmiueemrnoecp.11seespc
826 3838 1082 3905 omnem·
1130 3841 1240 3904 sscmss

112 3934 276 4001 peresseii
367 3931 543 3989 'idemtisZ
571 3931 719 4005 edepfisO
809 3936 1015 3991 dell’ectnmd'
1104 3935 1137 3989 12
1154 3932 1238 3990 deutri

113 4015 233 4075 21le
335 4018 425 4075 deberi
446 4021 475 4072 Σ
577 4036 691 4091 nequem
707 4024 747 4075 11¹
795 4030 798 4036 ’
851 4024 886 4078 14
905 4020 1173 4092 officicium·

115 4104 146 4158 16
171 4120 231 4159 uere
256 4105 313 4159 ΣΟ
408 4104 440 4160 ll
466 4108 569 4161 motum
595 4110 621 4160 Υ
721 4110 753 4163 18
770 4101 863 4179 ‘edum
885 4109 911 4162 0
1013 4109 1046 4163 19
1070 4110 1159 4161 eutem
1182 4123 1235 4162 erre¹

113 4188 150 4241 11³
251 4190 293 4245 21*
312 4192 427 4247 inuicem
453 4190 507 4246 sibi
533 4193 559 4244 Ψ
610 4222 614 4232 ·
657 4192 692 4247 22
717 4194 910 4265 psalmogrsssri
936 4196 965 4246 Σ
992 4193 1186 4262 pselmigreplri
1210 4187 1237 4244 i*

114 4275 283 4428 ξεῶὶιῖοὲηὴίί
302 4277 328 4330 0
428 4277 463 4331 86
480 4276 527 4331 flet
543 4278 600 4331 illie
614 4285 679 4347 post
696 4279 724 4333 in
743 4276 825 4335 coelis
838 4284 889 4336 ese
901 4280 983 4336 hotot
997 4280 1023 4331 ‘P
1097 4273 1100 4278 ’
1117 4277 1152 4333 dl
1170 4292 1234 4347 susp·
