3009 5200
508 437 667 496 conlatio
690 439 728 505 11,
746 439 857 494 ld-lii.
1199 442 1243 508 59

116 631 340 716 conscendisse,
370 633 408 696 ut
437 630 644 714 euangelium,
674 628 756 712 quod
785 626 957 692 mmitante
985 625 1088 710 gratia
1113 626 1243 710 spiritua

117 734 216 799 saneti
242 751 315 800 oum
336 735 492 818 potestate
520 734 680 818 signorum
701 734 734 796 et
756 729 966 815 prodigiorum
989 730 1131 814 gentibus
1152 749 1242 812 prae·¹
1292 749 1295 755 ·

118 837 250 915 dimbat
266 853 339 902 oum
355 836 420 902 suis
435 836 621 920 coapostolis
642 837 674 900 et
694 833 940 900 enteeessoribus
954 833 1079 916 priuata
1093 836 1243 916 quodam·

118 939 205 1006 modo
245 957 281 1004 ae
318 939 488 1005 domestica
530 936 757 1004 examinatione
793 936 955 1014 conferret,
992 940 1030 1001 et
1066 935 1241 1016 eontuli,

100 1042 270 1125 sinquiens
294 1060 377 1107 oum
398 1041 491 1107 iliis
520 1040 774 1124 euangelium
802 1039 903 1121 quod
925 1037 1114 1122 praedico
1137 1038 1243 1103 inter

117 1149 271 1230 gantos,
295 1163 340 1211 ne
361 1144 468 1211 torte
489 1143 527 1208 iu
549 1161 716 1210 uaouum
739 1160 936 1209 ourrerem
958 1144 1027 1206 ent
1046 1142 1240 1207 ouourris·

115 1268 204 1315 sem.
245 1248 315 1332 quis
338 1263 413 1332 ergo
435 1251 502 1314 tom
524 1250 739 1330 praesumptor
761 1250 793 1312 st
815 1263 924 1312 oseem
940 1245 992 1324 sit,
1010 1244 1112 1327 quiae
1127 1243 1273 1310 audeatb

116 1370 169 1419 suo
192 1350 310 1418 iudioio
331 1349 571 1432 diseretiouique
592 1349 789 1427 conmittens,
811 1365 882 1414 oum
905 1365 961 1414 uas
981 1345 1143 1414 eleotiouis
1157 1346 1242 1412 iudi·

116 1456 219 1537 guime
249 1474 285 1520 se
311 1454 554 1538 eoapostoiorum
590 1471 716 1520 suorum
754 1451 929 1518 conlatione
965 1451 1120 1518 testetur?
1158 1451 1241 1517 uude

89 1557 375 1624 amanitestissime
405 1559 609 1639 conprobatur
638 1556 718 1622 nulii
742 1573 762 1622 e
782 1557 908 1622 domiuo
935 1555 1021 1622 uiam
1042 1553 1241 1638 perfeetionis

117 1663 248 1738 madi,
277 1662 331 1744 qui
359 1661 474 1726 inbono
503 1660 584 1726 unda
606 1658 710 1726 ualmt
738 1658 855 1725 erudiri
884 1659 1056 1724 doctrinam
1084 1657 1240 1724 seniorum

117 1767 165 1832 uei
186 1766 339 1830 instituta
359 1764 590 1846 contempserit,
614 1763 704 1845 perui
725 1762 861 1844 pendens
884 1760 965 1827 illud
985 1759 1143 1842 eloquium
1156 1759 1240 1841 qued

118 1869 238 1952 oportet
260 1865 499 1950 diligentissime
520 1865 683 1932 custodiri:
713 1863 919 1947 interroga
939 1865 1092 1946 patrem
1113 1866 1240 1940 tuum,

119 1973 152 2034 et
178 1969 438 2036 adnuntiabit
465 1971 557 2037 tibi:
587 1969 768 2036 seniores
795 1969 900 2045 tuos,
930 1969 970 2032 et
995 1966 1129 2032 dioeut
1149 1967 1239 2032 tibi.

92 2118 112 2158 n
157 2089 245 2156 xvi.
271 2089 365 2156 Omni
386 2089 485 2174 igitur
507 2090 617 2156 oonetu
641 2087 733 2155 debet
764 2086 960 2153 diseretimis
984 2087 1099 2152 bonum
1121 2088 1240 2152 uirtute

119 2192 308 2261 humilitatis
330 2193 462 2276 adquiri,
485 2211 563 2275 quoe
584 2209 639 2258 nos
661 2192 793 2258 inlaesos
808 2190 848 2256 ab
864 2191 995 2273 uimque
1008 2191 1111 2272 potest
1126 2188 1239 2255 nimie·

118 2297 181 2360 tate
204 2313 341 2362 seruere.
365 2297 456 2361 uetus
475 2313 608 2377 namque
629 2294 786 2360 sententia
805 2294 870 2359 set:
891 2287 1063 2380 ἀκρότητες
1084 2284 1239 2378 ἰσότητας,

118 2398 147 2462 11
169 2407 218 2464 eet
239 2397 418 2464 nimietates
440 2398 582 2480 aequales
603 2401 685 2462 sunt.
720 2397 760 2462 ad
775 2413 871 2462 unum
886 2397 970 2461 euim
984 2396 1079 2462 finem
1094 2396 1240 2460 nimietas

117 2500 224 2566 ieiunii
255 2519 292 2566 ao
320 2503 472 2566 uoreoitas
500 2499 653 2583 peruenit,
683 2499 853 2582 eodemque
874 2494 1034 2584 dispendio
1056 2499 1239 2582 uigiliarum

87 2604 310 2671 ninmoderate
332 2603 524 2671 eontinuatio
547 2602 732 2669 monaahum
749 2620 809 2684 quo
822 2605 924 2668 somni
938 2600 1117 2685 grauissimi
1132 2603 1239 2683 torpor

118 2706 262 2773 inuoluit.
301 2726 373 2772 nam
395 2726 451 2791 per
464 2724 624 2773 excessum
645 2704 856 2772 continentiae
871 2705 1071 2772 debilitatum
1086 2723 1241 2789 quemque

118 2810 155 2873 nd
177 2810 271 2875 ilium
290 2810 409 2875 etatum
423 2810 561 2875 renouari
583 2824 705 2877 noemae
727 2810 785 2888 eal,
807 2808 841 2874 in
856 2826 916 2891 quo
930 2808 1096 2891 neglegens
1111 2809 1240 2890 quisque

119 2932 171 2996 per
185 2914 341 2979 incuriam
355 2912 520 2993 detinetur,
536 2912 581 2977 ite
595 2913 632 2976 ut
647 2912 823 2994 frequenter
835 2930 911 2993 quos
922 2930 975 2994 per
987 2910 1240 2995 gastrimargiam

118 3017 216 3100 decipi
247 3034 308 3082 uon
337 3018 476 3101 potuisse
505 3017 725 3099 conspeximus,
751 3034 806 3098 per
827 3017 1103 3082 inmoderatiouom
1124 3015 1241 3081 ieiuni·

88 3140 207 3186 eorum
229 3120 401 3186 uiderimus
417 3120 511 3185 fuisse
522 3119 660 3186 dsieotos
682 3120 776 3201 atquo
791 3119 831 3185 ad
845 3118 974 3208 eandam
989 3137 1083 3203 quam
1098 3118 1241 3185 uicerant

119 3221 294 3306 passionem
321 3221 515 3289 infirmitatis
541 3222 700 3288 oeoasione
722 3222 893 3305 eonbpsos.
914 3223 1043 3306 uigiliae
1065 3238 1185 3305 quoque
1207 3225 1270 3291 eti

118 3325 365 3407 pemootetionos
387 3324 620 3391 inrationabiles
649 3324 826 3391 deiecerunt
847 3341 925 3407 quos
947 3342 1074 3390 somnus
1094 3340 1240 3409 superare

120 3446 180 3493 non
201 3430 314 3511 potuit.
351 3428 536 3511 quapropter
558 3426 728 3493 seeundum
751 3426 928 3511 apostolum
956 3444 1024 3509 por
1051 3444 1156 3492 arma
1185 3428 1238 3492 iu·

220 3625 393 3694 adelae
478 3626 704 3693 uenenatas
787 3626 851 3681 17¹?
936 3626 1170 3694 senonens

171 3812 351 3868 laseendisas
364 3814 500 3879 (ederae.
513 3830 546 3867 m.
559 3814 589 3879 2)
606 3811 637 3868 D
726 3812 800 3884 dae]
813 3828 830 3868 a
844 3812 889 3869 Wl
979 3814 1070 3870 boum
1082 3816 1139 3869 illia
1151 3815 1240 3887 iuqui-

122 3896 206 3951 ensD
291 3898 325 3953 10
336 3898 412 3952 nullo
423 3898 464 3952 13¹
553 3896 859 3968 13diligeutessimeD¹
945 3899 1076 3955 ouswdire
1086 3900 1172 3956 D¹X¹

125 3984 154 4038 11
176 3984 285 4038 maiores
307 3986 362 4053 (ma
379 3986 410 4038 e'n
426 4000 481 4041 rue.
499 4000 532 4038 m.
550 3985 579 4053 2)
597 3983 626 4041 D
645 3990 672 4037 el
694 3982 769 4055 Valp.
873 3986 904 4039 li
928 3990 969 4041 ost
989 3988 1122 4042 sententia
1143 3985 1173 4041 D

122 4103 198 4170 etpo-
224 4108 252 4167 (τ’
272 4106 353 4173 aaa)
375 4076 597 4161 transformare
616 4105 646 4159 D
682 4105 1019 4174 abporutarrrtorrrrear
1041 4107 1080 4160 W
1111 4122 1241 4163 uroru-

122 4202 185 4243 rsnc
199 4202 352 4245 noonauaue
368 4188 399 4243 X
418 4190 628 4259 (madelme
649 4189 682 4259 0)
768 4189 803 4245 20
820 4206 957 4246 monadum
979 4191 1002 4247 0
1089 4192 1122 4247 21
1141 4192 1241 4248 debeli-

123 4275 206 4327 tatum
231 4274 261 4329 D
378 4276 671 4346 quomqu07..staturn
698 4290 747 4329 om.
779 4276 803 4331 0
920 4275 956 4331 22
981 4278 1119 4347 uoolegeus
1149 4278 1173 4334 0

123 4356 155 4411 23
170 4357 306 4413 deleretur
327 4358 376 4415 W¹
478 4358 513 4412 at
529 4358 615 4428 adque
631 4358 674 4414 D·
777 4376 831 4431 qua
848 4360 878 4416 D
976 4361 1102 4418 uiderant
1122 4364 1171 4420 W¹
