3009 5200
455 416 617 474 Conlatio
639 415 759 482 XXIIII,
778 416 889 472 21-23.
1169 417 1233 488 699

110 611 269 693 inrogatur
288 611 424 676 laetatur
438 608 561 676 iniuriis
576 607 697 675 dicens:
719 605 883 690 propter
904 604 1004 688 quod
1025 605 1232 687 conplaceo

110 713 209 781 mihi
231 714 269 778 in
291 709 621 786 infirmitatibus,
645 708 682 775 in
704 707 981 792 contumeliis,
1004 709 1043 772 in
1064 707 1232 780 necessi·

109 816 281 893 tatibus,
303 816 343 880 in
364 812 732 898 persecutionibus,
755 811 795 876 in
815 810 1017 895 angustiis
1038 829 1106 894 pro
1128 809 1232 885 Glari·

110 925 192 986 stc:
226 937 310 984 oum
343 919 445 984 enim
478 917 678 994 infirmor,
714 921 815 980 tunc
847 918 989 999 potens
1022 919 1129 983 surnl
1161 932 1231 996 quo,

87 1025 248 1108 uinquam,
272 1020 437 1088 familiaris
451 1020 496 1086 rei
512 1018 704 1085 cruciabitur
719 1020 844 1092 damno,
867 1020 921 1101 qni
935 1017 1073 1103 perfecta
1087 1017 1232 1090 auditote

109 1127 266 1209 gloriosus
288 1123 466 1192 uoluntario
486 1139 540 1209 pro
556 1122 680 1190 Christo
696 1122 858 1187 uniuersas
876 1121 988 1189 mundi
1001 1122 1096 1190 huius
1111 1121 1231 1206 respuit

109 1247 239 1312 pompas
269 1246 436 1312 omnesque
466 1228 532 1292 eins
561 1224 823 1310 concupiscentias
844 1224 1037 1310 generaliter
1059 1224 1232 1296 arbitratur

110 1334 147 1398 ut
173 1334 317 1416 stercora,
347 1335 382 1398 ut
412 1329 575 1397 Christum
604 1328 811 1408 lucrifaciat,
834 1327 1120 1411 euangeliciillius
1142 1345 1231 1412 prae·

110 1437 193 1517 cepti
226 1435 427 1501 meditatione
461 1432 607 1498 contium
640 1432 824 1497 cunctorum
863 1432 1092 1515 dispendiorum
1128 1435 1231 1496 aestus

75 1537 281 1620 rodespicisns
310 1539 342 1602 et
370 1533 544 1601 excludens.
584 1534 676 1616 quid
706 1533 811 1598 enim
838 1536 999 1617 prodest
1027 1533 1177 1600 homini
1199 1533 1231 1598 si

109 1643 239 1706 totum
268 1642 446 1706 mundum
475 1639 673 1712 lucretur,
703 1637 852 1715 animae
880 1656 970 1702 uero
993 1656 1085 1704 snae
1108 1636 1230 1702 detri-

110 1745 282 1808 mentum
305 1741 718 1826 patiaturiautquam
734 1739 1231 1806 datithomocommutati-

109 1864 217 1912 onem
240 1863 306 1928 pro
323 1845 451 1910 anima
466 1844 559 1910 sua?
581 1862 671 1927 super
688 1844 777 1908 cuius
791 1843 837 1908 rei
853 1843 1026 1926 priuatione
1042 1839 1261 1914 tristabitur,3

110 1948 164 2032 qui
189 1947 295 2013 omnia
317 1966 395 2030 quae
410 1947 448 2012 ab
465 1946 536 2012 aliis
552 1946 667 2011 auferri
687 1953 817 2029 possunt
832 1964 890 2014 sua
905 1965 967 2011 non
983 1966 1049 2012 esso
1065 1948 1230 2031 cognoscit,

74 2076 99 2116 rs
109 2051 189 2116 illud
208 2051 326 2116 inuicta
341 2049 460 2114 uirtute
476 2049 687 2132 proclamans:
711 2049 817 2116 nilril
830 2051 1047 2116 intulimus
1063 2052 1107 2126 in
1130 2049 1231 2115 hunc

108 2154 304 2218 mundum:
327 2151 429 2216 haud
451 2149 610 2216 dubium
639 2153 730 2234 quia
758 2171 826 2218 nso
848 2152 1010 2218 auferre
1033 2153 1127 2236 quid
1149 2171 1230 2244 pos-

107 2259 267 2321 sumus?
300 2255 387 2320 cuius
421 2257 526 2320 autem
561 2254 684 2337 inopiae
718 2256 902 2322 necessitate
936 2258 1002 2321 eius
1034 2256 1231 2340 superabitur

107 2359 268 2438 fortitudo,
303 2357 357 2441 qui
391 2375 523 2440 peram
555 2357 596 2422 in
628 2357 708 2438 uia,
743 2376 806 2423 aes
834 2360 874 2423 in
902 2375 997 2423 aona
1029 2341 1142 2423 halimo
1168 2376 1231 2422 non

106 2461 206 2540 uouit,
236 2461 290 2525 sed
321 2478 391 2525 cum
414 2458 553 2541 apostolo
575 2458 728 2542 gloriatur
758 2461 797 2524 in
820 2461 986 2526 ieiuniis
1010 2461 1167 2539 multis,
1189 2460 1229 2524 in

71 2562 207 2630 uiame
230 2566 265 2628 et
289 2563 380 2645 siti,
403 2562 442 2628 in
464 2560 619 2645 frigore
642 2564 681 2655 ct
702 2562 908 2630 nuditate?
929 2563 983 2647 qui
1005 2562 1260 2647 laborquodusd

107 2670 173 2745 tam
196 2666 329 2731 arduum
352 2668 479 2731 sanioris
502 2668 703 2749 praeceptum
732 2668 997 2749 tranquillitatem
1010 2668 1146 2751 pectoris
1163 2669 1229 2733 sins

107 2773 222 2853 poterit
249 2770 441 2856 perturbare,
471 2771 525 2852 qui
555 2770 675 2835 nullam
705 2770 822 2839 habeus
849 2771 1007 2856 propriam
1034 2772 1229 2838 uoluntatem

106 2875 250 2945 omnibus
273 2892 350 2958 quse
372 2874 431 2940 sibi
454 2874 570 2941 luerint
598 2875 752 2955 imperata
778 2876 961 2939 nouaclum
983 2875 1148 2957 patienter,
1172 2873 1229 2938 sed

107 2980 202 3043 etiam
235 2980 396 3061 gratanter
433 2978 568 3043 occurrit
600 2978 762 3059 nostrique
795 2976 962 3043 saluatoris
995 2978 1133 3061 exemplo
1167 2996 1228 3045 non

71 3082 226 3165 mquasrit
249 3100 349 3163 suam,
372 3081 427 3148 sed
448 3081 547 3165 patris
571 3081 672 3147 iacere
693 3082 900 3165 uoluntatem,
927 3081 1031 3147 docus
1046 3081 1079 3146 et
1100 3080 1166 3165 ipse
1188 3081 1229 3146 sd

106 3190 229 3266 patrem
262 3202 368 3249 sunm:
402 3188 671 3251 cerumtamen
704 3203 780 3251 non
811 3186 918 3250 sicut
946 3204 1013 3269 ego
1042 3185 1132 3250 uolo
1162 3184 1228 3250 sed

210 3386 222 3439 1
251 3384 279 3439 11
297 3387 358 3441 Cor.
382 3386 475 3451 12,10
577 3388 594 3441 8
622 3387 654 3442 cl.
672 3386 745 3441 Phil.
767 3388 829 3451 3,ss
933 3388 966 3443 10
992 3386 1042 3441 lot
1068 3387 1109 3452 16,
1126 3388 1161 3441 26

107 3472 140 3526 15
158 3471 171 3525 Ι
189 3470 258 3525 uim.
277 3471 336 3536 al
440 3473 474 3527 18
495 3473 717 3540 alalos-10.
753 3474 833 3529 Marc.
852 3476 877 3538 6,
894 3473 963 3529 8-9
1068 3474 1100 3527 19
1123 3471 1151 3526 ll
1170 3470 1229 3525 Cor.

109 3560 149 3621 ll,
167 3558 200 3611 21
303 3558 337 3611 26
355 3556 406 3613 Mc.
424 3558 467 3624 26,
486 3559 520 3612 39

158 3747 172 3799 l
195 3746 285 3814 placeo
310 3746 333 3802 O
432 3746 555 3816 dquam
580 3746 603 3803 O
705 3748 808 3816 potens]
832 3747 976 3805 fortioro
1075 3747 1228 3816 debriato]

105 3832 208 3887 clautrto
221 3832 377 3889 offerensK
465 3834 611 3905 lpcmpas]
624 3833 770 3892 facultates
784 3834 857 3889 OKo
941 3834 1116 3906 tenaculisi
1131 3835 1160 3895 Β

106 3918 140 3972 10
166 3918 310 3987 dispiciens
336 3917 417 3974 B¹K¹
518 3936 583 3989 ergo
610 3919 731 3989 prodeest
760 3920 783 3976 O
888 3922 919 3979 11
946 3922 1044 3991 utun]
1072 3921 1230 3982 uninarsum

105 4020 123 4059 a
151 4003 279 4059 mnndum
299 4005 453 4061 uniuersum
469 4004 503 4060 K
512 4011 538 4060 et
553 4005 632 4075 Valp.
732 4006 767 4061 12
783 4006 903 4074 patietur
919 4006 990 4064 ΒΡ
1090 4006 1126 4064 14
1139 4004 1229 4067 castri

104 4088 135 4143 F
237 4090 269 4144 16
293 4090 342 4144 ant
368 4089 463 4145 B¹FO
490 4090 559 4145 haut
583 4090 665 4147 ΒΨ
769 4092 803 4147 18
825 4097 890 4161 post
913 4108 981 4147 zona
1005 4092 1115 4152 adom
1140 4090 1229 4153 Mos

104 4178 209 4232 nectua
231 4175 260 4229 in
286 4178 407 4243 tempora
432 4177 561 4245 (ternpore
589 4176 621 4243 0)
725 4178 760 4233 19
780 4178 904 4247 apostolo
926 4178 967 4233 Βι
1067 4178 1230 4251 gloriabitur

104 4260 132 4314 Β
234 4260 268 4314 21
290 4265 459 4329 praecaptum
480 4261 592 4315 maioris
615 4262 643 4317 B
745 4263 780 4317 22
801 4263 958 4332 proturbare
978 4264 1033 4322 ΘΚ
1134 4264 1230 4327 uoluu-

105 4348 188 4399 tatem
207 4346 341 4414 propriam
360 4346 387 4400 B
489 4346 524 4401 24
541 4349 700 4417 grantanter
718 4346 759 4403 K'
