3009 5200
494 425 651 481 Conistio
668 425 705 490 11,
726 425 799 480 1-2.
1164 427 1204 492 41

82 616 218 680 nundi.
265 615 426 682 esuriui
453 615 556 682 enim
576 616 614 680 et
635 615 810 682 dedistis
839 616 938 682 mihi
957 616 1204 691 mnnduoere,

79 717 187 782 sitini
226 725 273 784 et
305 718 483 785 dedistis
515 719 613 783 mihi
643 717 781 784 bibere
811 724 845 784 et
872 725 984 800 osteum
1015 737 1148 802 eumque
1174 720 1207 784 in

79 822 150 885 tune
180 821 324 886 modum
353 821 485 888 diuersis
514 821 688 886 uirtutibus
716 821 838 887 editum
866 825 1030 888 certiorem
1051 823 1091 887 ed
1113 823 1208 886 deum

79 925 173 1007 pmii
209 941 313 1008 posse
345 923 542 990 deterrerent
570 929 711 1006 essetque
741 925 841 990 rents
874 927 1046 990 monrium
1079 929 1207 1006 tempus

62 1028 127 1090 etse
148 1027 367 1109 inquisitione
389 1027 618 1108 consumptum,
641 1027 751 1092 intulit
765 1031 891 1093 demum
906 1028 1016 1093 tentus
1033 1029 1205 1092 menius:

78 1127 176 1193 omnin
208 1131 344 1211 quidem
373 1131 449 1194 hese
482 1148 560 1211 quse
589 1129 712 1195 dixistis
744 1133 916 1196 neeessarie
947 1132 1023 1194 sunt
1051 1133 1083 1193 et
1112 1129 1237 1196 utilie3

78 1233 265 1299 sitientibus
288 1233 381 1298 deum
403 1235 497 1314 etque
517 1233 556 1297 nd
580 1249 651 1298 eum
674 1233 869 1315 sapientibus
890 1235 1060 1316 peruenire.
1088 1235 1142 1297 ssd
1157 1233 1206 1298 his

78 1335 291 1418 principalem
313 1337 450 1402 tribuere
470 1337 605 1418 gretiam
628 1353 824 1419 nequequem
845 1354 900 1402 nos
921 1336 1076 1402 innumeri
1090 1335 1206 1400 muite-

78 1457 140 1502 rnm
180 1455 282 1504 nesus
320 1443 352 1502 et
388 1439 595 1522 experimenta
638 1439 836 1520 permittunt.
880 1457 952 1503 nem
989 1455 1207 1521 saepenumero

55 1541 231 1606 reeeerrime
249 1543 377 1608 ieiuniis
393 1561 447 1608 sen
462 1541 583 1626 uigiliis
597 1541 787 1608 inuehentes·
800 1559 837 1607 no
851 1543 986 1607 miritiee·
994 1544 1029 1607 in
1037 1542 1207 1608 solitudine

80 1641 276 1728 uendentes,
307 1645 512 1727 priuatiouem
542 1661 662 1727 queque
692 1645 835 1710 omnium
860 1645 1048 1710 insultatum
1073 1645 1120 1728 ite
1141 1663 1207 1710 seo·

81 1750 190 1824 tentes,
209 1751 251 1810 ut
267 1767 304 1812 er
318 1747 396 1830 ipsis
411 1765 450 1810 ue
466 1745 697 1829 uniusquidem
713 1747 776 1812 diei
791 1747 1206 1813 uenustissimus

81 1852 250 1916 denarium
275 1867 436 1933 superesse
456 1851 645 1933 peterentur,
669 1851 876 1916 humenitetis
898 1850 993 1916 etiem
1015 1851 1120 1914 studie
1140 1850 1207 1914 tete

84 1951 252 2018 demtione
275 1953 457 2034 supplentes
470 1953 517 2018 ite
532 1952 668 2018 uidimus
683 1956 810 2034 repente
825 1953 978 2034 deceptos,
994 1957 1031 2017 ut
1048 1956 1206 2035 arreptum

60 2073 153 2136 nepus
177 2074 248 2121 non
271 2057 429 2138 potuerint
451 2073 586 2138 tergm
609 2057 694 2120 exitu
716 2054 884 2120 terminare
906 2072 1124 2136 summumque
1146 2054 1206 2118 fer·

86 2175 185 2222 uorem
198 2163 235 2222 et
246 2158 508 2225 eonnersutienem
520 2157 711 2224 leudebilem
723 2158 900 2224 detestabili
912 2157 973 2222 fine
988 2157 1204 2222 eenuluserint.

85 2260 286 2340 quamobrem
308 2261 386 2344 quid
405 2261 615 2343 prinoipeliter
637 2261 730 2326 duent
751 2263 790 2326 ed
806 2262 900 2325 deum
912 2259 1077 2326 manifeste
1090 2261 1205 2342 poteri·

87 2383 149 2428 mus
164 2383 345 2446 agnoscere,
360 2364 388 2428 si
403 2365 508 2428 ruinae
524 2380 561 2429 ee
576 2363 766 2445 deceptionis
780 2363 908 2428 illerum
920 2381 1014 2428 oense
1025 2363 1205 2448 diligentius

87 2466 223 2532 euobis
258 2467 354 2532 suerit
380 2466 537 2547 indegeta.
574 2467 610 2530 in
638 2465 703 2530 illis
734 2483 868 2548 nemque
898 2483 968 2530 oum
1001 2467 1236 2531 exuberarentci

65 2569 314 2649 »praedicturum
334 2586 426 2651 opere
447 2569 611 2648 uirtutum,
635 2567 781 2633 diseretio
803 2567 869 2633 sele
890 2568 1037 2634 definiens
1055 2568 1206 2649 usquead

90 2672 176 2735 inem
199 2692 235 2737 en
259 2672 372 2737 durare
394 2689 454 2737 nen
476 2671 562 2737 sinit.
599 2689 655 2735 nee
677 2669 761 2735 enim
783 2672 846 2735 elie
866 2671 971 2752 lapsus
994 2688 1100 2735 eorum
1116 2688 1207 2735 muse

92 2775 332 2855 deprehenditur,
349 2776 409 2841 nisi
423 2775 504 2857 qnod
519 2773 624 2839 minus
638 2793 657 2840 a
671 2774 840 2839 senioribus
855 2773 996 2839 instituti
1011 2790 1205 2855 nequaquem

91 2880 251 2957 potuerunt
281 2878 434 2943 rationem
465 2877 659 2943 discretionis
687 2878 827 2960 edipisei‚
854 2896 932 2958 quse
954 2877 1206 2959 praetermittens

93 2982 250 3063 utumque
277 2981 471 3045 nimietatem
500 2980 553 3045 uis
579 2978 665 3060 regie
688 2980 875 3045 moneohum
897 2980 987 3044 deest
1014 2994 1134 3060 semper
1156 2976 1205 3043 in·

67 3082 191 3147 *cedere
213 3085 246 3148 et
268 3101 324 3148 neo
346 3083 454 3147 dentre
474 3083 627 3147 uirtutum
646 3081 807 3163 permittit
825 3080 943 3164 entelli,
967 3084 998 3147 id
1014 3080 1205 3147 eet-feruoris

93 3203 209 3251 emersu
231 3186 335 3251 iustae
351 3186 557 3251 eontinentiee
578 3184 706 3249 modum
721 3183 826 3269 inepte
840 3185 1089 3266 praesumptione
1102 3187 1205 3249 trene-

93 3288 223 3367 eendere,
246 3306 304 3353 neo
326 3287 515 3353 obleetetum
536 3288 716 3353 remissione
739 3286 899 3352 deflectere
920 3286 960 3351 ed
982 3288 1063 3351 uitis
1077 3286 1207 3352 sinistre

95 3390 237 3475 secedit,
260 3390 319 3455 hee
340 3392 388 3455 est
410 3392 467 3455 snb
488 3392 647 3473 preetertu
675 3390 870 3473 gubernandi
893 3390 1028 3472 eorporis
1051 3389 1206 3453 contrarie

95 3493 215 3573 spiritus
247 3494 353 3577 tepere
377 3493 555 3559 lentescere.
592 3492 670 3559 hese
702 3509 836 3574 nemque
869 3497 917 3558 est
944 3491 1096 3567 diseretio,
1127 3490 1236 3570 quaet

71 3596 190 3661 nerum
212 3598 246 3661 et
267 3596 394 3663 lucerne
421 3597 553 3679 eorporis
575 3600 608 3662 in
630 3596 792 3679 euangelio
820 3596 1016 3678 uuneupetur
1036 3593 1206 3658 seeundum

95 3696 174 3764 illem
205 3700 392 3765 sententium
425 3698 603 3765 saluatoris:
635 3696 797 3764 lucerne
833 3696 1011 3780 eorporis
1048 3693 1110 3759 tui‘
1144 3698 1207 3759 est

186 3901 219 3955 31
238 3900 288 3955 Mt
306 3902 331 3965 6,
351 3900 454 3954 22-23

12 4024 14 4101 ἐ
137 4088 280 4143 3mndum
297 4086 340 4143 12¹
370 4087 498 4140 mnndum
519 4086 567 4143 W²
663 4084 794 4155 iniqu-e
812 4087 839 4153 (e
858 4088 942 4153 aas.)
964 4084 1002 4139 W
1090 4084 1122 4137 12
1139 4098 1209 4139 unus

95 4172 128 4225 ΠΙ
211 4175 244 4231 15
260 4174 410 4242 potnerunt
425 4172 467 4226 1)ι
560 4172 593 4225 25
611 4170 718 4226 dextere
736 4172 789 4225 Xo
871 4172 907 4226 28
924 4172 1094 4240 suppretsxtn
1111 4170 1143 4223 D

12 4288 14 4322 i
95 4258 124 4311 tt
148 4259 250 4327 spiritui
276 4258 317 4325 tui
344 4259 376 4311 ἐπ
401 4262 468 4321 ons.)
493 4256 523 4311 D
631 4259 749 4325 tempore
778 4257 827 4313 W*
934 4255 1074 4309 lentieoere
1099 4254 1140 4308 D¹

14 4322 16 4356 ⁸
97 4342 126 4396 30
141 4344 292 4413 enmngelio
318 4342 357 4397 W
461 4342 496 4396 31
513 4342 660 4396 selusteres
678 4343 717 4397 D¹
