3009 5200
250 416 315 481 540
643 412 808 467 Iohannis
825 410 984 467 Cassiani

250 606 385 671 sextario
420 605 593 687 itidemque
635 602 805 669 lenticulae
846 601 954 667 medio
997 602 1236 668 aduenientium
1269 602 1379 666 usibus

249 710 433 789 praeparato
462 712 559 773 totins
588 707 771 773 refectionis
798 725 921 771 annuae
951 708 1159 787 explebantur
1187 704 1304 786 officia,
1333 707 1380 769 ita

250 815 287 876 nt
316 812 474 893 duplicate
504 830 587 877 nnuc
607 815 640 876 et
660 812 824 894 triplicato
845 810 940 875 modo
961 812 1132 875 necatas
1153 810 1304 875 uietnalia
1324 808 1379 871 nix

220 912 345 996 3qneat
367 916 510 997 expediri.
550 920 582 980 et
603 916 637 979 in
659 918 787 978 tantum
813 914 897 995 apud
918 914 1086 978 nonnullos
1101 916 1149 977 eis
1165 913 1380 976 neriaehuius

250 1018 443 1084 remissionis
472 1018 616 1095 increuit,
646 1020 683 1081 ut
703 1020 793 1082 aceto
815 1018 997 1098 muriaeque
1018 1017 1182 1099 permixtis
1203 1034 1266 1080 nen
1287 1015 1380 1079 iliam
1401 1038 1416 1078 ι

252 1140 345 1185 naam
375 1122 435 1189 olei
465 1122 657 1186 admisceant
679 1122 815 1204 guttam,
841 1139 937 1202 qnam
958 1138 1169 1202 praecessores
1191 1121 1301 1195 nostri,
1323 1118 1379 1201 qni

250 1225 369 1289 heremi
404 1226 553 1290 instituta
588 1226 707 1289 maiore
744 1224 954 1288 abstinentiae
992 1222 1112 1287 uirtute
1147 1224 1259 1289 sectati
1293 1225 1378 1303 sunt,

250 1327 445 1408 repellendae
467 1332 591 1393 motum
614 1327 800 1391 cenodoxiae
814 1326 919 1409 gratia
935 1326 1057 1391 stillare
1072 1332 1308 1399 consueuerant
1323 1324 1379 1388 sed

251 1431 459 1515 infringentes
480 1430 709 1515 aegyptiacum
732 1450 789 1513 pro
817 1433 937 1497 salibus
957 1450 1084 1497 ιιιιιιιι
1106 1432 1178 1515 plus
1198 1430 1261 1495 elei
1282 1444 1378 1509 quam

250 1552 373 1600 necesse
402 1540 450 1600 est
480 1534 718 1618 superfundant,
742 1540 774 1599 et
796 1536 844 1600 ita
865 1534 943 1599 dnos
964 1535 1050 1599 eibos
1072 1535 1200 1617 propria
1220 1532 1415 1597 suauitatem

250 1638 411 1718 neenec,
426 1638 481 1719 qni
495 1637 683 1720 singiliatim
699 1637 881 1719 dueueque
895 1644 1038 1719 tempore
1051 1638 1240 1703 menaehem
1254 1634 1379 1699 reficere

250 1738 472 1805 iucundissime
501 1740 688 1822 potuissent,
719 1740 778 1805 sub
809 1742 901 1806 unius
931 1741 1051 1821 saporis
1079 1739 1286 1805 oblectatione
1307 1755 1378 1818 per·

219 1842 378 1923 teipisnt.
412 1842 446 1907 iu
468 1846 592 1907 entem
615 1860 688 1907 sane
702 1842 780 1908 haee
802 1837 893 1925 ὑλικὴ
915 1843 1038 1925 κτῆσις,
1056 1844 1089 1908 id
1103 1850 1153 1907 est
1167 1841 1378 1907 materialium

250 1962 354 2009 rerum
383 1944 535 2025 possessio
565 1944 768 2025 supercreuit,
798 1950 835 2009 ut
862 1960 974 2024 ιιςιιιιι
998 1962 1131 2027 quoque,
1153 1946 1236 2026 qued
1258 1942 1378 2025 absque

250 2048 435 2113 uerecundia
464 2047 576 2112 reterre
605 2064 667 2112 non
696 2065 835 2131 pessum,
865 2048 924 2112 sub
952 2046 1086 2113 obtentu
1115 2048 1320 2113 humanitatis
1340 2064 1414 2113 aces

248 2150 451 2232 susceptionis
473 2149 565 2215 huius
587 2151 792 2215 anachoretae
806 2154 838 2216 in
853 2153 919 2215 suis
933 2151 1046 2217 habere
1062 2151 1187 2215 cellulis
1201 2150 1376 2232 coeperint:

250 2256 285 2317 ιιι
300 2254 356 2319 illa
371 2260 559 2336 praeteream
576 2257 689 2335 quibus
706 2256 849 2320 adtonita
864 2255 970 2319 anima
983 2274 1020 2320 ac
1034 2254 1233 2336 spiritalibus
1247 2252 1377 2318 theoriis

249 2373 371 2438 semper
386 2356 507 2421 intenta
521 2358 685 2440 specialius
700 2358 894 2439 ingredetur,
909 2376 1077 2424 concursus
1092 2359 1214 2423 scilicet
1230 2356 1377 2429 fratrum,

248 2462 454 2542 susceptionis
478 2480 598 2545 queque
621 2480 657 2527 ιι
679 2463 877 2527 deductionis
899 2461 1014 2543 efficia,
1038 2464 1165 2526 mutuas
1179 2461 1377 2525 uisitationes

249 2560 502 2648 diuersarnmque
516 2546 814 2632 ¹confabulationum
830 2566 924 2648 atque
938 2538 1174 2648 occupationum
1190 2562 1415 2630 intermina-re

248 2665 343 2732 bilem
371 2685 488 2746 coram,
519 2687 649 2750 quarum
680 2672 777 2734 etiam
797 2669 854 2732 iilo
878 2675 1025 2751 tempere,
1048 2687 1108 2750 quo
1131 2669 1208 2732 haee
1230 2667 1376 2731 uidentur

249 2768 463 2852 inpedimenta
492 2789 619 2850 cessare,
651 2773 757 2836 tamen
779 2772 920 2836 animum
942 2770 1230 2836 consuetudinariae
1251 2768 1375 2851 inquie-

219 2871 368 2936 5tudinis
390 2873 581 2938 adsiduitate
603 2893 789 2957 suspensum
810 2877 981 2956 expectatio
1002 2876 1073 2956 ipsa
1089 2874 1249 2940 distendit
1281 2877 1375 2952 atque

247 2973 293 3038 ita
325 2974 371 3055 fit,
404 2978 441 3039 ut
478 2978 697 3042 anachoreseos
733 2977 791 3042 ilia
826 2976 958 3042 libertas
994 2977 1209 3042 huiuscemodi
1244 2975 1375 3040 nexibus

249 3075 389 3158 inpedita
420 3077 459 3142 ad
492 3079 583 3144 illam
615 3081 715 3146 cerdis
745 3080 938 3146 ineffabilem
972 3081 1170 3148 amenitatem
1202 3096 1412 3160 numquamne

249 3180 373 3244 omnine
395 3184 580 3248 conscendat
596 3201 632 3248 ac
647 3182 786 3248 fructum
807 3183 1006 3250 heremitime
1018 3184 1220 3266 professionis
1234 3182 1373 3248 amittat.

301 3470 482 3542 litidemque
500 3473 559 3528 RK
586 3447 649 3529 fii·
667 3447 774 3542 iz'demq)
791 3474 818 3527 Β
847 3445 883 3527 iii
900 3472 1022 3556 idemque
1044 3472 1074 3526 F
1106 3472 1257 3540 ididemqne
1283 3472 1306 3527 0

248 3575 311 3626 3et
329 3573 421 3630 BFO:
452 3592 481 3631 ac
500 3577 579 3631 RKe
673 3577 762 3631 modio
780 3577 841 3630 Pe
935 3578 1037 3645 4aput
1055 3576 1108 3631 FO
1202 3575 1374 3644 omnniaqne

248 3658 326 3713 Bm*
357 3661 493 3730 morisque
511 3661 539 3717 R
569 3663 721 3730 mortesque
738 3662 772 3716 K
871 3662 1003 3715 iherimi
1019 3661 1059 3716 Βι
1162 3662 1179 3715 8
1202 3660 1374 3714 coenodoxiae

248 3744 364 3799 BFRK
457 3747 591 3802 instillare
608 3747 686 3802 RKe
785 3753 948 3802 censuerant
964 3747 1028 3801 K¹r
1131 3749 1162 3802 11
1181 3749 1315 3800 destantee
1333 3747 1373 3800 Βι

247 3829 286 3884 F¹
390 3833 424 3886 la
453 3833 640 3886 iocundissima
667 3833 735 3887 BK’
765 3835 957 3889 iocundissima
980 3835 1085 3888 reticere
1109 3834 1132 3890 O
1236 3835 1269 3887 13
1295 3832 1372 3898 ὑλικὴ

247 3919 341 3983 κτῆσις
351 3918 465 3987 scripsi:
487 3923 667 3974 Λιιιιιιιιιιιι
680 3921 709 3973 Κ
733 3924 911 3976 Ammineo
923 3921 980 3976 BF
989 3922 1090 3990 (ptem
1101 3927 1228 3990 corrupte
1241 3919 1303 3988 ΟΒ)

250 4004 283 4057 14
306 4002 472 4071 supercrebit
494 4005 547 4060 FO
650 4007 682 4060 16
705 4007 876 4062 anachoritae
897 4007 1017 4064 B¹FOR
1120 4008 1155 4062 18
1170 4022 1300 4061 ceuenreu
1319 4005 1378 4060 BF

250 4087 273 4142 O
383 4089 417 4142 ⁸20
445 4089 530 4158 adque
556 4091 584 4145 Β
695 4091 728 4147 21
757 4093 829 4161 qued
855 4093 897 4146 K'
1007 4093 1043 4147 23
1068 4094 1198 4160 spectatio
1225 4091 1305 4147 BFO

248 4175 388 4241 suspendit
411 4175 501 4230 ΒΒΟι
604 4178 690 4246 adque
715 4179 742 4234 Β
845 4179 880 4233 24
898 4179 1059 4232 anachorees
1077 4179 1135 4232 BF
1235 4179 1270 4233 25
1292 4178 1373 4231 clari·

249 4265 333 4314 tatem
360 4260 392 4314 0¹
500 4278 646 4331 numquam
672 4265 780 4317 omnine
804 4265 966 4318 conscendat
988 4264 1109 4320 BFOR:
1140 4264 1295 4332 praepedito
1319 4279 1372 4317 non

248 4346 386 4415 perueniat
403 4361 510 4400 ascensu
529 4348 560 4400 Κ
565 4363 580 4402 o
682 4351 716 4404 26
734 4349 901 4404 herimiticae
918 4351 946 4404 Β
