3009 5200
316 435 378 500 208
559 480 560 483 ,
709 431 872 487 Iohannis
890 430 1049 487 Cassiani

314 624 415 687 solum
439 643 633 706 nequaquam
657 622 866 706 despiciemus
889 639 950 699 eos,
979 621 1033 684 sed
1056 620 1151 685 etiam
1174 636 1229 701 pro
1253 619 1329 701 ipsis
1351 624 1434 685 tam-

314 744 408 809 quam
436 746 490 809 pro
520 725 669 791 membris
700 725 814 791 nostris
837 726 1027 791 incessanter
1053 723 1210 788 orabimus
1233 726 1338 804 eisque
1360 724 1436 787 totis

313 829 482 895 uisceribus
504 849 539 895 ao
560 829 652 913 pleno
675 829 890 911 conpatiemur
917 827 1041 892 adfectu
1068 827 1152 911 (cum
1175 828 1258 890 enim
1279 826 1436 908 patitur

312 952 427 997 unum
467 933 696 1011 membrum,
740 932 1031 1015 conpatiuntur
1066 932 1197 994 omnia
1233 931 1436 1008 membra),

311 1038 444 1101 scientes
473 1054 528 1100 nos
557 1037 673 1120 absque
700 1036 765 1101 illis
792 1040 900 1120 utpote
929 1033 1078 1098 membris
1107 1032 1223 1099 nostris
1249 1032 1436 1097 omnimodis
1459 1056 1470 1093 e

310 1141 517 1204 consummari
546 1158 609 1205 uon
636 1157 735 1223 posse,
760 1137 1022 1223 quemadmodum
1049 1137 1181 1219 legimus
1204 1155 1242 1201 ne
1265 1136 1436 1201 anteriores

310 1242 437 1325 quidem
466 1246 588 1308 nostros
617 1244 684 1307 sino
713 1243 801 1307 nobis
828 1240 1078 1325 repromissionis
1109 1258 1265 1304 summam
1289 1239 1436 1321 consequi

309 1346 457 1427 potuisse,
492 1344 538 1411 ita
571 1347 608 1411 de
636 1345 702 1410 illis
733 1346 872 1427 apostolo
901 1342 1138 1428 pronuntiante:
1170 1348 1207 1407 et
1237 1341 1273 1407 hi
1303 1361 1436 1407 omnes

308 1450 543 1514 testimonio
574 1449 675 1514 fidei
703 1449 940 1531 conprobati
975 1466 1046 1512 non
1080 1448 1320 1528 acceperunt
1346 1463 1435 1527 pro-

309 1552 533 1633 missiones,
571 1556 639 1617 deo
676 1571 742 1633 pro
779 1552 892 1617 nobis
929 1549 1071 1615 melius
1114 1548 1268 1631 aliquid
1305 1550 1470 1632 proni-n

278 1656 438 1739 2deute,
464 1676 507 1721 ne
528 1655 612 1721 sine
636 1657 747 1722 nobis
770 1657 1146 1720 consummarentur.
1181 1652 1436 1718 communionem

307 1776 380 1822 uero
403 1760 446 1822 eis
468 1763 698 1824 sacrosanctam
720 1777 890 1841 numquam
905 1757 1106 1822 meminimus
1121 1757 1333 1822 interdictam:
1357 1756 1434 1837 quin

307 1861 402 1925 irnmo
425 1861 452 1925 si
475 1862 619 1943 possibile
641 1866 724 1927 esset
746 1862 844 1926 etiam
866 1861 978 1927 cotidie
1001 1863 1045 1926 eis
1067 1861 1209 1943 inpertiri
1232 1878 1300 1923 eam
1320 1858 1435 1923 dobere

307 1964 483 2028 censebant.
520 1984 577 2031 uec
609 1968 692 2031 enim
726 1966 897 2031 secundum
926 1965 1112 2029 sententiam
1141 1964 1307 2047 euangelii,
1336 1981 1434 2045 quam

306 2066 474 2149 incongrue
506 2068 579 2133 huic
611 2071 716 2134 sensui
749 2067 933 2152 coaptastis:
969 2068 1096 2132 nolite
1131 2069 1222 2132 dare
1249 2069 1468 2131 sanctnmre

306 2170 490 2253 canibus,
521 2172 561 2237 ad
584 2172 743 2238 daemonis
766 2190 868 2237 escam
895 2175 1093 2236 sacrosancta
1114 2170 1291 2235 commuuio
1314 2174 1346 2233 ot
1369 2186 1433 2233 non

305 2273 409 2354 potius
440 2275 480 2339 ad
510 2278 726 2357 purgationem
755 2293 791 2340 ac
824 2274 958 2339 tutelam
986 2274 1121 2357 corporis
1150 2275 1331 2354 animaeque
1360 2290 1433 2354 per-

305 2377 425 2441 uenire
447 2380 602 2443 credenda
638 2381 695 2443 est.
740 2398 820 2461 quae
854 2380 893 2446 ab
927 2379 1052 2443 homino
1089 2377 1239 2459 percepta
1270 2395 1342 2440 eum
1375 2374 1433 2456 qui

305 2479 451 2545 membris
480 2483 545 2545 eius
574 2482 690 2546 insidet
717 2482 862 2565 spiritum
890 2501 944 2547 sen
971 2484 1004 2547 in
1035 2481 1110 2563 ipsis
1147 2481 1271 2545 latitare
1300 2482 1432 2543 conatur

274 2584 392 2653 3uelut
424 2586 559 2667 quodem
592 2605 723 2653 exurens
760 2586 851 2670 fugat
883 2584 1036 2652 incendio.
1081 2585 1139 2649 hoc
1171 2602 1303 2667 namque
1338 2584 1467 2647 modoro

304 2691 446 2753 curatum
474 2691 505 2754 et
533 2689 678 2755 abbatem
707 2690 920 2756 Andronicum
953 2708 1052 2772 nuper
1080 2689 1255 2770 aspeximus
1288 2687 1433 2768 aliosque

304 2791 477 2872 conplures.
516 2793 616 2876 magis
640 2795 723 2857 enim
747 2811 784 2857 ac
806 2793 905 2876 magis
933 2793 1079 2857 iuimicus
1101 2790 1268 2856 insultabit
1291 2787 1431 2865 obsesso,

303 2911 374 2958 oum
403 2912 473 2958 eum
502 2914 520 2960 a
548 2894 675 2959 caelesti
705 2895 858 2961 medicina
891 2895 1005 2960 uiderit
1033 2897 1243 2979 segregatum,
1277 2895 1431 2973 tantoque

301 2997 399 3063 dirius
434 3014 470 3062 ac
502 2996 696 3078 frequentius
729 2998 947 3082 adtemptabit,
975 3000 1093 3082 quanto
1122 3016 1193 3062 eum
1222 2995 1261 3062 ab
1288 2995 1428 3078 spiritali

301 3101 435 3164 remedio
458 3099 581 3182 longius
604 3102 733 3165 senserit
756 3101 944 3166 abdicatum.
1439 3121 1467 3160 2⁵

343 3219 458 3284 XXXI.
475 3219 621 3286 Ceterum
636 3221 684 3284 illi
701 3225 775 3285 sunt
790 3240 861 3286 uere
876 3222 985 3287 miseri
1001 3240 1037 3287 ac
1048 3222 1241 3287 miserabiles
1254 3220 1428 3303 iudicandi,

301 3323 355 3404 qui
377 3341 448 3387 cum
470 3342 503 3388 se
529 3323 683 3389 uniuersis
706 3323 891 3388 criminibus
914 3324 1106 3409 flagitiisque
1123 3325 1345 3400 contaminent,
1361 3341 1426 3387 non

300 3425 401 3490 solum
423 3426 545 3491 nullum
568 3427 737 3493 risibiliter
758 3429 792 3492 in
814 3430 859 3492 eis
881 3429 1007 3512 signum
1031 3428 1201 3494 diabolicae
1216 3427 1428 3510 subpletionis

400 3647 525 3704 31001.
545 3649 585 3714 12,
604 3649 637 3704 26
740 3651 758 3704 8
775 3650 856 3705 Hebr.
876 3653 915 3718 11,
934 3653 1036 3708 39-40
1139 3654 1172 3706 15
1189 3653 1239 3706 Mt.
1258 3653 1282 3717 7,
1300 3651 1317 3705 6

349 3852 366 3905 3
391 3853 576 3922 compatiamur
605 3854 627 3910 0
728 3856 746 3908 b
772 3859 870 3924 utpute
893 3856 974 3912 VPX
1075 3860 1093 3912 6
1118 3859 1269 3913 consumari
1292 3856 1354 3914 WO

297 3936 439 3992 ‘Inoutrus
461 3938 484 3993 V
567 3940 642 3994 onii
663 3941 756 3996 ΟΡΧι
841 3942 1059 3998 9testimouium
1076 3944 1123 3998 W¹
1208 3945 1364 4011 acciperunt
1381 3941 1426 3995 12¹

302 4020 382 4078 W¹P
484 4025 699 4093 repromissiones
726 4027 883 4083 DWOPX
985 4031 1017 4084 10
1043 4030 1108 4083 adeo
1136 4029 1160 4083 V
1262 4029 1294 4082 13
1311 4028 1428 4082 cottidie

295 4107 325 4162 D
406 4109 537 4178 inpertire
553 4111 594 4164 D¹
678 4113 712 4166 14
729 4114 902 4168 recensebant
919 4114 960 4169 1)ι
1048 4116 1080 4170 15
1097 4116 1228 4185 coaptatis
1248 4112 1355 4170 W¹PX

297 4195 329 4249 17
346 4195 470 4250 tutellam
492 4196 585 4252 VWP
679 4198 715 4252 20
731 4199 876 4269 purgato
977 4201 1013 4255 22
1030 4201 1146 4256 inimicia
1163 4201 1204 4256 D¹
1234 4200 1364 4270 iniquitas
1387 4200 1430 4255 W

295 4295 365 4334 corr.
469 4282 503 4336 23
526 4282 639 4337 caeleste
660 4283 701 4338 1)ι
804 4286 839 4339 24
861 4285 1042 4355 adtemptauit
1059 4286 1099 4341 D¹
1201 4286 1236 4340 ab
1252 4285 1427 4342 DWOPX:

294 4381 311 4420 a
332 4365 358 4420 V
458 4367 492 4421 26
508 4367 585 4422 XXX
607 4368 644 4423 W
745 4371 780 4426 28
797 4372 822 4425 oi
839 4371 881 4425 1)ι
