3009 5200
289 419 356 485 216
685 417 850 473 Iohannis
870 418 1028 474 cassiani

376 608 432 672 XI.
455 607 502 673 De
524 610 591 675 eius
614 610 666 691 qui
689 608 809 690 decipit
830 608 897 674 siue
922 610 976 692 qni
998 608 1155 692 decipitur
1176 628 1286 692 poena.

359 711 433 778 XII.
456 714 503 779 De
526 711 749 795 constipatione
771 712 958 778 daemonum
981 717 1013 777 et
1035 711 1249 795 inquietudine
1270 731 1365 797 quam
1387 714 1423 778 iu

455 816 514 881 hoc
536 821 604 881 acre
626 833 748 900 semper
770 818 923 881 exercent.

340 918 432 985 XIII.
453 919 500 983 De
537 938 572 985 eo
610 920 691 1001 quod
728 919 995 1003 inpugnationem,
1040 936 1134 1001 quam
1171 938 1245 1004 erga
1279 919 1425 986 homines

456 1022 641 1105 inpendunt,
665 1023 764 1089 etiam
785 1026 951 1089 adnersm
974 1041 1008 1087 ee
1023 1029 1228 1089 conmoueant
1243 1022 1424 1089 contrariae
1450 1045 1467 1086 s

457 1128 639 1209 potestates.

323 1230 431 1297 XIIII.
455 1229 545 1296 Vnde
578 1230 698 1296 factum
730 1229 774 1293 sit
806 1231 844 1295 ut
875 1230 1070 1313 potestatum
1103 1249 1157 1295 seu
1188 1232 1426 1315 priucipatuum

453 1334 581 1399 nomina
603 1333 760 1416 spiritales
782 1332 943 1416 nequitiae
964 1334 1163 1399 sortirentur.

363 1438 432 1505 XV.
456 1439 502 1503 De
531 1455 566 1503 eo
596 1439 678 1520 quod
708 1456 771 1502 nou
801 1436 867 1502 sine
897 1455 991 1503 musa
1023 1438 1143 1502 sanctis
1175 1436 1426 1519 caelestibusque

455 1541 628 1607 uirtutibus
650 1540 834 1623 angelorum
856 1540 922 1606 siue
942 1541 1200 1625 archangelorum
1215 1540 1342 1607 nomina
1357 1540 1428 1604 siut
1437 1558 1467 1599 ιο

456 1643 568 1710 indita.

345 1746 432 1813 XVI.
456 1748 502 1813 De
538 1744 729 1810 subiectione
765 1746 961 1825 daemonum,
1000 1765 1094 1828 quam
1130 1748 1196 1812 suis
1231 1744 1426 1829 principibus

456 1850 612 1932 praebent,
636 1848 743 1913 fratris
769 1849 888 1914 uisione
910 1854 1082 1932 perspecta

328 1954 431 2021 XVII.
455 1954 502 2019 De
533 1971 568 2019 eo
596 1955 679 2037 quod
708 1954 840 2037 singulis
868 1953 1047 2019 hominibus
1076 1954 1136 2018 duo
1166 1953 1272 2039 augeli
1297 1970 1426 2034 semper

456 2057 651 2124 adhaereant.
1437 2076 1466 2117 c

312 2160 432 2226 XVIII.
456 2162 502 2227 De
539 2159 713 2225 differentia
748 2160 918 2242 nequitiae,
964 2178 1043 2242 quae
1079 2160 1220 2225 aduersis
1256 2157 1426 2240 spiritibus

456 2264 550 2341 inest,
574 2280 628 2345 per
651 2263 728 2326 duos
750 2261 951 2345 philosophos
974 2262 1154 2345 adprobata.

292 2368 431 2434 XVIIII.
457 2366 503 2431 De
531 2386 566 2433 eo
594 2368 674 2449 quod
699 2366 865 2431 daemones
887 2365 968 2431 nihil
991 2369 1142 2432 aduersus
1165 2365 1308 2432 homines
1329 2383 1426 2449 prae-

457 2468 591 2547 naleant,
615 2467 677 2534 nisi
701 2486 808 2534 eorum
833 2468 922 2553 prius
943 2470 1064 2534 mentes
1087 2470 1275 2536 obsederint

365 2574 432 2640 XX.
457 2572 665 2658 interrogatio
688 2571 725 2638 de
747 2573 900 2656 apostatis
923 2572 1053 2657 angelis,
1083 2574 1193 2656 quiin
1217 2570 1326 2638 Genesi
1349 2590 1467 2637 cumae

458 2677 582 2743 filiabus
605 2678 768 2743 hominum
791 2677 993 2743 concubuisse
1016 2677 1175 2744 dicuntur.

347 2782 434 2850 XXI.
458 2781 624 2847 Absolutio
646 2781 822 2864 propositae
845 2783 1047 2864 quaestionis.

332 2887 437 2953 XXII.
461 2885 609 2966 Obieotio,
644 2885 907 2968 quemadmodum
942 2887 1047 2969 generi
1081 2884 1156 2951 Seth
1191 2903 1260 2950 cum
1295 2882 1426 2949 fihohus

459 2987 534 3053 Cain
549 2987 677 3070 prolana
694 2989 861 3054 conmixtio
876 2990 947 3054 ante
969 2987 1175 3055 interdictum
1190 2987 1270 3071 legis
1285 2987 1426 3069 potuerit

459 3091 607 3173 inputari.
1437 3111 1467 3151 ee

312 3193 433 3261 XXIII.
456 3191 635 3274 Responsio,
673 3194 755 3277 quod
793 3194 933 3260 naturali
969 3195 1038 3278 lege
1075 3195 1113 3259 ab
1151 3193 1243 3259 initio
1280 3194 1427 3260 homines

456 3297 570 3363 iudicio
593 3316 649 3362 seu
671 3316 788 3382 poenae
810 3299 937 3365 fuerunt
959 3298 1094 3366 obnoxii.

294 3400 432 3467 XXIIII.
456 3402 503 3467 De
535 3418 570 3465 eo
603 3403 685 3484 quod
718 3401 800 3467 iuste
831 3403 935 3486 puniti
968 3407 1043 3469 sunt
1076 3403 1131 3486 qui
1165 3403 1238 3467 autc
1266 3400 1428 3466 diluuium

459 3505 672 3587 peccauerunt

348 3834 363 3885 1
381 3831 484 3899 decepit
505 3829 553 3886 VO
581 3831 718 3899 decapitat
739 3830 774 3886 V'
876 3830 1038 3885 baduensue
1055 3829 1125 3884 110ι
1226 3826 1429 3894 commoneant}

293 3920 334 3974 cic
351 3917 451 3974 abac
468 3917 630 3985 ccpttctats'c
647 3917 679 3971 in
694 3917 725 3971 X
827 3918 842 3972 1
861 3917 1043 3986 principatum
1063 3916 1086 3972 0
1191 3915 1225 3970 10
1245 3917 1311 3970 eunt
1333 3913 1357 3970 0

296 4005 331 4059 13
347 4003 446 4058 batres
468 4001 518 4059 VO
607 4003 724 4071 perlecta
745 4003 771 4058 V
862 4004 897 4058 1c
914 4018 982 4073 quae
999 4019 1050 4058 cm.
1071 4003 1098 4058 V
1188 4001 1305 4057 nduireie
1326 4000 1352 4056 V
1378 4001 1431 4056 ad-

295 4105 387 4144 uersus
402 4087 462 4144 Do
560 4089 593 4144 11
611 4087 728 4144 fllceclos
750 4087 774 4144 0
869 4089 1031 4159 adprobatus
1046 4089 1091 4145 1)ι
1191 4089 1225 4143 10
1242 4089 1317 4157 priua
1333 4101 1428 4142 corum

299 4175 326 4232 0
424 4175 527 4230 mentes
545 4175 620 4245 priua
637 4175 663 4228 D
765 4175 918 4232 obsederint
939 4175 976 4231 0:
1006 4175 1156 4232 obsideriut
1177 4174 1231 4230 VD
1332 4174 1366 4228 21
1385 4174 1431 4228 di-

294 4263 391 4317 cantur
412 4259 454 4315 D²
556 4259 590 4316 23
613 4261 705 4317 seco
806 4262 841 4318 24
864 4278 922 4316 cam
945 4261 987 4316 1)ι
1088 4259 1354 4329 ante....iuputnri
1373 4275 1427 4315 cue.

300 4345 324 4403 0
425 4344 459 4399 at
478 4344 576 4401 inditio
599 4346 651 4403 VD
749 4362 835 4416 poena
852 4346 937 4416 D(0)
1039 4347 1076 4401 28
1091 4348 1157 4402 sunt
1172 4344 1203 4400 hi
1219 4343 1265 4414 qui
1282 4343 1335 4400 Dc
