3009 5200
453 423 615 481 Gortlotio
638 423 717 490 1111,
735 423 844 479 rte-tc.
1146 423 1212 493 ωδ

91 613 193 680 boreo
201 614 374 681 dominiis
387 616 539 692 ardorem,
558 632 642 679 nunc
655 631 731 679 uene
746 610 846 695 ineius
860 612 1050 694 ommam
1063 611 1210 681 monam

89 719 124 781 et
145 717 449 783 consummationum
478 715 592 783 dormo
621 716 794 782 uirtutum:
827 716 860 781 et
884 732 968 781 neno
989 732 1012 783 a
1030 716 1127 783 ruina
1144 716 1209 783 ium
1311 742 1314 752 ·

88 821 229 903 proxima
250 821 400 905 lopenqae
422 820 586 904 prooeiqiti
607 821 704 886 etiem
725 818 842 887 huitos
862 821 896 884 et
917 820 1030 885 inscios
1051 835 1208 897 renouaret

88 942 171 989 nunc
201 928 309 991 eutem
341 924 516 989 oocmioneo
542 923 579 987 ot
604 921 832 1004 oportnitates
863 921 975 987 saladi
1005 921 1153 1004 ingerere
1176 938 1212 986 ne

68 1026 273 1109 opreeoiqitee
295 1028 510 1109 uiolentosque
528 1029 659 1097 nocetne
675 1044 698 1091 a
718 1024 867 1094 letalium
889 1023 1140 1107 dieqoebionitns
1162 1024 1211 1089 ine

89 1131 212 1195 bibere:
238 1132 271 1195 ot
292 1130 372 1196 elios
392 1130 523 1212 quidem
540 1128 685 1201 uolentes
702 1129 923 1211 curantesque
943 1126 1111 1209 suscipere,
1134 1127 1212 1193 alios

88 1252 163 1298 uero
191 1233 336 1299 nolentes
362 1234 606 1316 resistentesque
632 1231 811 1315 qortmbore
838 1237 872 1297 et
900 1230 942 1297 ad
960 1233 1075 1301 ouran
1100 1248 1210 1313 cogere

87 1338 294 1407 uoluntatem.
331 1341 434 1409 totum
461 1354 536 1403 uero
564 1354 626 1403 nou
655 1354 778 1418 semper
808 1334 1031 1401 resistentibus
1055 1352 1112 1399 nee
1138 1336 1241 1417 por-3

86 1440 266 1508 morum
302 1440 413 1511 inuitis
448 1440 539 1510 robis
571 1458 594 1511 a
623 1438 792 1507 uiduitate
829 1436 951 1505 ooneodi
986 1438 1023 1503 et
1055 1455 1211 1507 summam

52 1543 199 1611 osalutis
230 1545 355 1609 nomae
388 1562 449 1610 non
481 1561 606 1627 operum
641 1543 818 1615 boemorum
846 1541 970 1620 merito.
1001 1540 1059 1609 sod
1087 1540 1212 1609 melosa

85 1647 208 1729 gratiae
237 1648 444 1730 deputandam
473 1646 520 1713 ita
547 1645 666 1711 domini
695 1644 794 1728 ipsius
816 1645 944 1711 uocibus
967 1644 1146 1709 odooemurz
1174 1647 1211 1707 et
1275 1730 1277 1735 η

86 1749 401 1817 recordabimini
429 1752 582 1816 uiarum
612 1752 851 1827 nostrarum,
882 1749 921 1812 et
942 1746 1111 1812 omnium
1134 1764 1211 1811 soe·

86 1852 212 1916 lerum
242 1856 487 1932 neutrorum,
518 1852 662 1936 quibus
693 1852 844 1937 polluti
874 1851 973 1919 estis
1004 1852 1041 1920 in
1068 1849 1139 1916 eis:
1175 1849 1212 1913 et

84 1954 370 2041 displicebitis
390 1956 503 2024 uobis
525 1957 564 2021 in
587 1958 798 2042 conspeetu
819 1957 952 2023 uestro
973 1951 1013 2017 in
1031 1948 1212 2019 omuibus

52 2056 266 2125 amalitiie
287 2060 454 2137 nestris,
484 2077 581 2142 quoe
610 2056 786 2126 lanistis.
808 2061 847 2122 et
867 2057 1006 2125 edictis
1028 2054 1121 2139 qaia
1143 2072 1213 2135 eqo
1251 2130 1259 2143 ,

85 2162 288 2242 dominus,
322 2180 405 2228 cam
438 2162 532 2228 bene
565 2161 698 2228 looero
729 2160 842 2226 nobie
876 2160 1044 2243 propter
1077 2176 1213 2223 nomer

84 2282 230 2341 meum,
262 2283 336 2342 non
368 2266 583 2331 secundnm
616 2266 701 2331 nica
730 2267 889 2331 uestras
917 2260 1057 2341 males,
1091 2278 1213 2343 nequo

85 2367 303 2438 secundum
332 2369 486 2434 seelera
513 2372 650 2435 uestra
678 2370 851 2455 pessima
881 2366 1015 2433 domus
1043 2361 1211 2433 Israhel.

85 2470 257 2537 etidcirco
290 2471 348 2539 boo
368 2470 408 2538 ab
430 2471 575 2539 omnibns
608 2470 769 2541 catholicis
798 2468 944 2555 patribus
970 2466 1124 2553 definitur,
1158 2464 1243 2553 quit

53 2574 311 2658 nqulodionom
337 2575 439 2642 cordis
467 2594 529 2642 non
558 2573 647 2644 inani
669 2574 878 2658 disputatione
900 2572 1077 2650 uerborum,
1099 2569 1155 2638 sod
1177 2588 1211 2640 ro

85 2681 183 2759 atque
204 2697 296 2762 opere
316 2678 502 2755 didicerunt,
525 2679 623 2744 diuini
645 2696 710 2743 osse
732 2679 875 2744 maneria
891 2677 1028 2760 primum
1051 2677 1087 2740 nt
1102 2691 1212 2742 ancon·

85 2782 183 2846 datur
210 2783 422 2865 unusquisque
450 2781 489 2847 ad
518 2782 755 2847 desiderandum
784 2799 875 2846 omne
907 2778 988 2864 quod
1016 2779 1131 2844 bonum
1154 2776 1211 2859 est,

85 2886 141 2949 sed
162 2884 212 2950 ite
231 2887 268 2950 nt
290 2887 323 2951 in
345 2886 533 2952 alterutram
555 2889 677 2969 partem
699 2886 826 2968 plenum
849 2885 890 2950 sit
907 2883 1025 2948 liberae
1040 2879 1212 2945 uoluntatis

85 2987 274 3054 arbitriumr
302 2988 443 3071 itemque
472 2988 567 3054 etiam
597 2989 765 3054 meandum
796 2987 920 3052 diuinae
947 3004 1013 3050 esse
1037 2981 1155 3068 gratiae
1177 2984 1213 3047 ut

53 3089 171 3156 seffici
191 3089 321 3156 ualeant
341 3090 486 3157 exercitia
506 3090 667 3175 praedicta
688 3089 854 3166 uirtutum,
876 3089 929 3154 sed
944 3088 992 3154 ita
1005 3090 1043 3153 ut
1056 3084 1212 3170 possibili·

85 3195 139 3257 tas
166 3211 229 3258 non
258 3194 461 3278 extinguatur
489 3192 631 3260 arbitrii:
653 3192 784 3257 tertium
807 3209 928 3275 quoqne
951 3191 989 3256 ad
1012 3188 1062 3255 dei
1085 3205 1214 3254 munere

85 3297 244 3380 pertinere
273 3298 310 3362 nt
338 3296 513 3380 adquisitae
541 3295 672 3362 uirtutis
701 3295 936 3378 perseuerantia
968 3293 1123 3371 teneatur,
1158 3291 1213 3357 sed

85 3401 137 3464 ita
163 3401 201 3464 ut
226 3400 441 3482 captiuitatem
470 3399 602 3465 libertas
629 3398 753 3464 addicta
782 3417 844 3464 non
878 3397 1005 3464 sentiat.
1046 3395 1092 3462 sio
1127 3397 1244 3463 enimb

87 3501 304 3568 uniuersitatis
333 3502 410 3568 deus
438 3501 544 3567 omnia
571 3503 606 3566 in
636 3501 782 3567 omnibns
812 3501 983 3566 credendus
1012 3501 1062 3563 eet
1083 3501 1212 3580 operari,

52 3606 127 3671 aeut
158 3604 277 3680 incitat,
311 3605 455 3690 protegat
485 3609 579 3689 atquo
611 3605 783 3686 confirmet,
812 3622 874 3670 non
903 3607 940 3668 ut
969 3601 1089 3668 auferat
1118 3619 1211 3684 qnam

191 3815 225 3871 11
242 3815 336 3870 Enoch.
353 3815 398 3882 ΞΟ,
415 3816 520 3872 43-44

138 4014 203 4068 Μ
215 4019 282 4082 post
298 4013 420 4068 doctum
439 4029 489 4068 oue
506 4015 537 4066 11
620 4013 784 4082 illabenqnc
801 4014 864 4066 ΣΠ
946 4009 1090 4080 praecopiti
1107 4006 1146 4061 Πι

86 4098 326 4168 baiulentasqnse
342 4100 382 4153 Πι
476 4099 492 4154 '1
509 4101 708 4170 retinentosqno
723 4099 783 4155 110
811 4099 1008 4168 renitentesque
1026 4097 1070 4151 d‘o
1164 4093 1181 4148 9
1199 4109 1216 4147 a

88 4185 246 4254 diuinitate]
259 4187 417 4241 adnuntiate
427 4188 458 4241 ll
537 4189 569 4243 11
582 4189 673 4258 gratia
685 4188 713 4239 Σ
797 4187 831 4241 12
842 4185 1016 4242 recordamini
1028 4185 1054 4236 b
1131 4181 1165 4236 14
1176 4179 1215 4236 di·

88 4270 240 4340 aplccibitis
251 4271 291 4325 Πι
376 4274 409 4328 18
419 4273 499 4328 israel
510 4273 539 4325 Σ
623 4272 831 4343 toperieotione
842 4274 872 4326 Σ
956 4267 1149 4326 tremoleto

88 4357 294 4412 &imoimo
372 4358 486 4414 liberum
499 4360 525 4411 Y
605 4358 811 4414 tbefflmciaZ
892 4355 1152 4428 atodqmesitaerr
