3009 5200
471 433 627 490 Conlatia
651 433 703 496 111,
725 433 835 487 17-19.
1175 435 1214 500 91

110 644 165 708 pua
195 641 250 688 ea:
284 627 322 689 et
355 624 441 688 siut
473 623 570 688 mihi
593 623 632 688 in
655 625 858 708 populum,
894 625 935 688 ot
955 641 1022 706 ego
1052 625 1128 688 eim
1159 625 1215 690 eis

109 733 135 794 iu
154 727 272 792 deum.

139 847 265 914 XVIHI.
315 847 436 929 Quibus
480 849 732 914 manifestissime
776 847 973 931 perdocemur
1010 851 1043 914 et
1086 847 1214 912 initium

109 953 258 1016 uoluntatis
287 952 386 1016 bonae
414 951 504 1015 uobis
534 951 659 1015 domiuo
688 951 861 1034 inspirante
889 953 1025 1034 concedi,
1060 969 1132 1016 curn
1161 955 1215 1013 aut

97 1073 148 1136 sper
160 1073 189 1118 se
202 1057 258 1118 aut
274 1073 329 1136 per
344 1054 589 1119 exhortationem
606 1055 774 1120 cuiuslibet
790 1054 924 1120 hominis
941 1056 996 1119 aut
1010 1073 1064 1138 per
1080 1055 1215 1118 necessi·

108 1160 186 1222 tatem
206 1174 264 1222 uos
288 1157 327 1222 ad
350 1157 461 1222 salutis
485 1157 625 1222 adtrahit
646 1159 741 1232 uiam,
765 1159 799 1221 et
820 1157 1043 1240 perfectionem
1059 1156 1215 1220 uirtutum

100 1264 136 1326 ab
152 1263 252 1325 eodem
277 1259 424 1325 similiter
454 1261 628 1339 condonari,
659 1264 802 1326 nostrum
825 1279 898 1326 uero
922 1260 981 1325 hoc
1001 1277 1077 1340 esse,
1100 1263 1138 1323 ut
1159 1259 1215 1322 ad·

108 1363 294 1429 todadouem
325 1364 537 1446 auxiliumque
566 1364 616 1428 dei
644 1364 696 1428 uei
725 1363 887 1428 remissius
913 1363 964 1428 uel
987 1365 1108 1428 enixius
1131 1379 1216 1426 exse·

109 1485 226 1548 quamur,
257 1471 290 1532 et
318 1487 373 1550 pro
401 1469 459 1533 hoc
493 1484 547 1531 nos
580 1469 631 1532 uel
664 1467 944 1533 remunerationem
977 1467 1029 1531 uel
1062 1464 1216 1548 supplicia

89 1569 268 1652 indignissime
291 1571 468 1652 promereri,
499 1569 580 1652 quod
602 1571 668 1634 eius
692 1569 919 1652 dispensationi
940 1587 976 1635 ao
999 1568 1215 1653 prouidentiae

40 1611 42 1728 ν
110 1691 164 1752 orga
182 1691 235 1737 nos
258 1672 488 1756 benignissima
510 1673 688 1757 dignatione
710 1673 853 1738 conlatae
874 1673 926 1737 uel
949 1673 1142 1756 negleximus
1163 1669 1215 1734 ael

40 1743 42 1876 i
110 1775 261 1840 suduimus
301 1780 425 1841 nostrae
462 1775 672 1842 oboedientiae
713 1776 874 1840 deuotione
910 1793 1087 1860 congruere.
1133 1775 1244 1856 quoda

40 1879 41 1916 ³
110 1880 242 1943 cudente
260 1881 296 1942 in
312 1879 553 1944 Deuteronomio
568 1881 734 1962 aperteque
748 1877 951 1944 describitur:
975 1897 1074 1953 cum,
1098 1877 1212 1960 iuquit,

40 2003 41 2070 1
111 1983 426 2047 introduxeritis
449 1983 626 2048 dominus
650 1983 744 2046 deus
761 1982 906 2047 tuusiu
922 1984 1084 2060 terram,
1100 1997 1212 2063 quem

40 2071 41 2074 '
91 2101 345 2164 spossassurus
369 2085 607 2168 ingrederis,
632 2088 669 2150 et
691 2084 1214 2169 deleueritgentosmultos

40 2181 41 2258 t
113 2205 214 2253 coram
234 2189 288 2267 to,
306 2187 543 2253 Chettaeum
558 2191 595 2252 et
610 2187 874 2271 Gergesaeum
889 2189 927 2254 et
942 2190 1213 2261 amorraeum,

112 2285 376 2366 chananaeum,
399 2294 437 2356 et
454 2290 703 2369 Hecataeum,
718 2291 887 2358 lduaeum
907 2294 947 2355 et
962 2292 1213 2367 Iabusnoam,

40 2368 41 2442 t
113 2395 233 2473 septam
256 2394 719 2478 gentesmultomaioris
739 2393 1214 2460 uumeriotrobustioree

40 2551 41 2554 ,
113 2499 148 2558 te:
174 2497 475 2580 tradideritque
506 2515 567 2564 eas
590 2497 776 2563 dominus
797 2497 898 2576 tibi,
921 2495 1125 2581 percuties
1148 2513 1214 2561 eas

40 2616 41 2649 r
93 2617 205 2681 arsque
226 2602 271 2665 od
294 2602 613 2669 internicionem.
647 2619 719 2668 non
740 2601 1034 2669 inibiscumeis
1057 2598 1212 2681 foedus,

40 2762 41 2813 ἢ
113 2720 210 2786 neque
236 2705 416 2769 sociabis
437 2722 521 2770 cum
544 2708 602 2769 eis
625 2706 822 2788 coniugia.
847 2705 928 2787 quod
951 2704 1050 2788 igitur
1070 2701 1214 2767 introdu-

115 2809 203 2869 cuntur
221 2806 254 2871 in
277 2810 396 2872 terram
418 2811 677 2891 repromissionis,
700 2810 782 2893 qnod
803 2810 948 2875 dolentur
969 2806 1213 2891 genaenerae

114 2924 194 2972 nram
218 2910 272 2989 ais,
302 2912 385 2993 quod
413 2912 579 2977 traduntur
600 2912 633 2977 in
656 2930 766 2978 manus
794 2931 900 2979 eorum
923 2912 1063 2976 nationes
1086 2909 1213 2975 meionis

114 3013 208 3075 umori
228 3017 259 3077 et
280 3013 474 3079 robustiores
498 3034 591 3097 qnam
613 3015 747 3098 populus
769 3015 899 3091 Israhel,
923 3015 971 3080 dei
994 3032 1061 3079 csse
1075 3014 1213 3097 gratiam

95 3113 243 3195 sumptura
263 3118 457 3198 pronuntiat.
495 3120 601 3182 utrum
623 3122 730 3183 autem
745 3120 902 3199 percutiet
916 3137 968 3183 eas
982 3117 1101 3183 Israhel
1114 3114 1244 3199 usque3

194 3354 223 3407 1a
239 3352 322 3407 uena.
341 3352 366 3420 a,
387 3352 453 3407 1-a

153 3573 286 3630 tataros.
304 3577 339 3630 in
355 3574 386 3629 D
486 3576 504 3629 4
527 3576 679 3645 insperante
701 3576 742 3632 D¹
846 3577 863 3631 8
887 3578 994 3631 anexius
1016 3576 1055 3631 W
1153 3591 1212 3629 exc·

118 3661 246 3722 canoro
351 3660 384 3714 10
408 3660 568 3729 dignissima
591 3660 641 3716 Xc
734 3660 933 3732 dispensatione
953 3662 995 3717 D¹
1098 3662 1128 3715 ll
1154 3677 1213 3715 uec·

119 3740 204 3799 annu
224 3747 285 3802 WO
390 3746 423 3801 13
445 3745 602 3802 discribitur
619 3748 688 3803 D¹P
716 3748 876 3803 discribetur
899 3748 938 3803 W
1034 3746 1127 3817 inquid
1146 3746 1219 3801 DW

118 3826 138 3879 P
220 3834 252 3886 15
277 3832 425 3901 ingrederis
447 3832 562 3889 D¹wo=
592 3834 751 3903 ingrediaris
774 3834 875 3890 1>²Px
976 3834 1009 3888 16
1036 3833 1161 3887 ethaeum
1186 3832 1214 3887 D

120 3914 213 3970 neam
241 3918 302 3974 WP
334 3918 454 3972 cetheum
485 3919 508 3974 0
541 3918 684 3973 hettheuur
714 3919 746 3975 X
890 3932 1062 3988 gergesaeum
1093 3918 1146 3974 ΟΧ

120 4000 143 4051 u
162 4001 332 4057 obmutueum
357 4004 399 4058 D¹
434 4004 597 4059 chananeum
623 4004 733 4059 D²P=x
768 4020 913 4059 cananeum
940 4004 999 4061 WO
1033 4002 1214 4059 ctamueunr

121 4083 147 4137 Ρ
231 4088 358 4145 ferezeum
380 4088 493 4144 DOPX
588 4093 616 4144 st
632 4102 742 4144 sumum
769 4089 820 4145 ΟΡ
921 4089 1080 4159 gebusaeum
1101 4091 1128 4141 l>
1157 4090 1214 4144 hie-

121 4166 218 4227 busaeum
241 4175 263 4230 0
290 4174 445 4230 hiebueenm
468 4174 496 4229 P
599 4174 853 4246 latratoremque
876 4176 918 4230 12¹
1021 4174 1145 4231 domium
1162 4192 1213 4231 osu.

124 4252 191 4311 WOX
277 4260 311 4315 20
327 4259 530 4315 internitionem
548 4261 676 4317 DWPX
773 4262 808 4317 2¹3
824 4262 944 4316 nationis
961 4261 1003 4316 D¹
1101 4261 1213 4317 maiores

124 4354 139 4408 o
217 4360 248 4416 aa
264 4364 314 4418 rur
329 4362 405 4419 ow
428 4350 484 4418 nir
505 4364 671 4434 oronam)
775 4366 810 4421 ae
830 4365 882 4420 rur
902 4361 942 4421 ur
