3009 5200
275 409 338 476 348
666 407 831 462 lobannis
848 407 1006 463 Cassiani

276 597 380 681 potius
414 597 478 662 nim
513 599 641 662 naturae
669 599 700 661 et
728 598 908 679 extorquere
941 597 979 662 ab
1007 613 1045 662 ea
1071 597 1274 679 pollutionem
1301 617 1400 681 quam

276 702 345 783 ipse
367 716 427 764 non
449 701 572 782 ingerit,
595 700 867 782 intemperantiam
890 716 981 763 suam
997 700 1037 764 ad
1052 700 1267 766 neeesaitatem
1282 701 1399 784 earnis,

277 806 371 868 immo
393 805 431 870 ad
454 805 519 868 eius
541 801 681 867 referunt
696 805 877 884 creatorem,
911 802 1053 884 proprias
1074 803 1180 886 eulpae
1207 806 1245 869 ad
1267 807 1401 869 naturae

247 906 439 972 3inlamiam
474 905 704 971 transferentes.
749 907 787 969 de
819 906 931 987 quibus
962 905 997 968 in
1028 906 1207 972 Prouerbiis
1240 907 1402 989 eleganter

277 1009 475 1091 exprimitur:
513 1007 760 1090 insipientia
796 1008 878 1072 uiri
915 1007 1136 1090 corrumpit
1172 1010 1257 1075 uias
1289 1027 1442 1090 snas‚s

278 1111 388 1176 deum
422 1095 773 1177 autem‘eausatur
807 1110 927 1175 eorde
960 1129 1039 1175 suo.
1075 1115 1232 1193 postremo
1264 1111 1293 1177 si
1326 1113 1400 1195 quis

277 1214 349 1280 huie
370 1215 539 1282 adsertioni
561 1214 685 1278 nostrae
707 1212 801 1277 fidem
824 1213 972 1298 derogare
994 1213 1139 1289 uoluerit,
1156 1233 1268 1297 quaeso
1284 1216 1401 1280 utnon

278 1319 349 1383 ante
365 1319 577 1400 praeiudioatu
592 1316 753 1382 nobiseum
769 1317 911 1399 opinione
929 1317 1089 1400 dieoeptot,
1106 1335 1201 1401 quam
1215 1317 1402 1400 dbeiplinee

278 1421 369 1486 buius
391 1420 542 1503 suscipiat
563 1421 721 1500 instituta,
738 1439 871 1503 eumque
893 1421 970 1486 baoo
986 1421 1149 1505 perpanois
1166 1420 1326 1486 mensibus
1342 1420 1402 1486 illa

277 1543 338 1608 qna
359 1525 494 1592 truditur
515 1523 725 1590 moderatione
747 1524 928 1602 seruauerit,
958 1524 1098 1607 profeoto
1120 1523 1196 1590 baee
1217 1542 1297 1608 quan
1317 1525 1444 1590 dixi-1·

278 1647 347 1693 mus
375 1645 449 1693 uero
476 1628 591 1711 poterit
615 1627 745 1711 probare
771 1627 897 1692 iuditio.
934 1632 1071 1693 aeterum
1095 1627 1212 1693 frustra
1232 1629 1271 1693 de
1292 1631 1401 1694 ouius·

277 1730 356 1796 libet
388 1729 465 1796 artis
494 1749 531 1796 ao
559 1729 743 1812 diouiplinae
771 1730 832 1796 bne
861 1732 1037 1810 oontendot,
1067 1733 1198 1814 quisque
1224 1749 1286 1796 non
1311 1732 1402 1812 prius

278 1834 384 1898 omnie
405 1851 482 1916 qnae
504 1835 544 1898 ad
566 1833 864 1899 oonsummationom
889 1833 956 1898 eius
976 1833 1135 1917 pertinent
1157 1851 1280 1898 summo
1303 1834 1402 1898 fuerit

248 1937 383 2003 lstudio
406 1955 443 2003 ao
464 1937 583 2006 uirtute
604 1938 751 2003 sectatus.
787 1938 878 2003 uelut
891 1939 920 2002 si
935 1936 1026 2002 uerbi
1042 1939 1147 2022 gratia
1160 1937 1402 2003 similitudinem
1494 1923 1498 1928 ’

278 2040 380 2106 mollis
412 2059 448 2106 ox
480 2041 593 2119 tritico,
627 2043 683 2107 aut
715 2060 841 2106 rursum
870 2061 906 2106 ex
932 2058 979 2119 oo,
1008 2040 1091 2107 siout
1119 2043 1211 2106 etiam
1241 2059 1278 2105 ex
1298 2039 1444 2104 retenire

279 2143 396 2226 linique
417 2144 598 2220 seminibus,
621 2144 778 2210 lenissimi
799 2144 860 2210 olei
885 2145 1039 2227 liquorem
1061 2142 1190 2226 proonei
1212 2160 1303 2225 posse
1324 2159 1402 2206 eon·

279 2245 410 2324 firmem,
433 2251 460 2314 si
483 2248 552 2329 quie
575 2248 685 2313 borum
708 2249 833 2331 penitus
859 2248 989 2332 ignarus
1012 2248 1155 2325 addant,
1178 2264 1279 2312 nonne
1293 2245 1403 2312 eontra

279 2369 382 2415 rerum
420 2355 564 2416 naturam
600 2350 658 2417 boo
695 2369 761 2416 osse
789 2351 985 2418 eonelamana
1014 2370 1064 2416 me
1090 2352 1179 2416 uelut
1210 2347 1403 2432 apertissimi

279 2453 437 2518 anotorem
460 2453 613 2520 mendacii
635 2453 810 2520 deridebit?
831 2454 883 2520 oni
905 2456 932 2519 si
953 2472 1011 2539 ego
1031 2456 1127 2520 testea
1148 2454 1327 2518 innumeros
1344 2453 1402 2534 qni

280 2555 354 2622 baso
380 2574 413 2622 se
441 2560 473 2622 et
502 2557 617 2624 uidisse
641 2558 674 2622 et
694 2561 838 2641 gustasse
860 2558 893 2624 ot
912 2557 1025 2624 feoisse
1053 2559 1206 2623 testentur
1227 2555 1445 2631 exhibeam„

279 2660 430 2725 rationem
459 2660 586 2743 insuper
614 2662 706 2743 atque
728 2663 868 2727 ordinem
897 2679 959 2744 quo
979 2662 1053 2727 illae
1073 2662 1189 2744 speeies
1210 2660 1263 2725 nel
1283 2660 1318 2724 in
1338 2658 1404 2723 olei

278 2761 499 2843 pinguedinem
521 2762 571 2828 uel
594 2763 753 2829 inmollis
779 2765 975 2829 dnloedinom
1003 2764 1265 2829 transformantur
1283 2761 1402 2827 edisse-

279 2882 356 2942 rum,
379 2864 433 2929 ille
454 2870 559 2933 autem
581 2867 614 2931 in
639 2868 848 2933 stultissimae
868 2867 1078 2950 persuasionis
1100 2864 1307 2931 obstinatione
1328 2882 1403 2946 per·

279 2966 392 3031 sistens
420 2969 514 3050 neget
542 2971 582 3035 ab
603 2968 670 3035 illis
692 2970 864 3036 seminibus
890 2970 1056 3053 quioqrm
1079 2968 1131 3034 nel
1153 2967 1326 3033 duloedinis
1348 2966 1403 3033 uel

279 3068 428 3151 unguinis
450 3088 537 3153 posse
551 3072 698 3152 produoi:
721 3090 823 3138 nonno
837 3071 938 3157 magis
954 3072 1093 3137 notanda
1105 3072 1157 3136 est
1169 3069 1444 3136 inrationabilius

279 3170 346 3236 sins
374 3172 580 3256 parnioarque
609 3174 767 3239 eontentio
796 3191 890 3256 qnam
920 3175 1071 3240 sermonis
1097 3173 1160 3239 mei
1180 3172 1299 3237 ueritus
1321 3170 1404 3235 inri-

278 3274 389 3350 denda,
419 3292 498 3357 quae
527 3276 698 3341 multorum
728 3294 764 3341 ao
793 3277 931 3344 fidelium
952 3280 1081 3343 testium
1102 3276 1259 3361 grauitate
1279 3274 1313 3339 et
1333 3273 1402 3338 eni·

279 3377 424 3443 dontibus
457 3379 651 3446 doonmentia
684 3384 717 3445 et
749 3381 832 3464 qnod
864 3382 915 3447 lrie
948 3380 1084 3465 amplius
1116 3383 1166 3445 est
1194 3377 1403 3461 experientiae

380 3564 493 3619 orm.
513 3566 555 3629 ne,
573 3566 591 3619 e
608 3564 702 3633 (axx)

330 3735 348 3788 2
370 3734 529 3791 necessitate
552 3738 580 3788 Σ
679 3736 697 3790 4
719 3736 854 3805 eligentur
875 3736 906 3788 Π
1004 3736 1022 3789 5
1043 3750 1105 3789 auae
1122 3750 1172 3790 on.
1192 3734 1241 3789 Hc
1341 3731 1404 3785 eius

280 3820 327 3875 Or
426 3822 444 3877 6
467 3822 553 3892 eorde]
576 3822 608 3877 de
630 3826 657 3875 i*
682 3820 710 3876 in
733 3821 810 3877 eorde
833 3822 881 3876 Oe
981 3820 999 3875 8
1016 3822 1137 3889 deeeptet
1152 3820 1183 3872 Π
1282 3816 1405 3873 brusci-

278 3906 336 3976 piet
353 3909 390 3959 Τ·
487 3908 520 3963 10
535 3908 652 3977 prolecto
670 3908 709 3959 11ι
809 3908 841 3963 12
857 3907 997 3963 eontendit
1013 3908 1136 3977 qubqnis
1152 3907 1178 3958 ‘l'
1270 3903 1303 3959 14
1319 3903 1405 3959 uelud

279 3994 305 4043 P
399 3993 431 4049 16
447 3994 528 4047 otiam
545 4008 595 4048 ora.
613 3996 640 4047 P
720 3994 835 4064 raphani
853 3996 879 4047 Y
971 3993 1004 4047 18
1020 3993 1101 4048 uelud
1117 3994 1144 4045 ‘l'
1233 3990 1405 4060 apertissime

278 4077 337 4129 m*
431 4077 462 4133 19
479 4078 538 4148 ego]
556 4096 618 4149 ergo
635 4084 663 4133 Σ
744 4082 809 4150 quia
826 4079 898 4132 11¹0
988 4080 1024 4133 w
1038 4079 1139 4134 deosne
1154 4078 1194 4130 11¹
1283 4075 1315 4131 al
1336 4092 1406 4147 quos

278 4164 327 4218 ille
344 4164 443 4234 speeies
461 4165 536 4219 uelut
553 4166 581 4218 in
599 4166 629 4218 Π
726 4166 762 4221 22
777 4166 899 4236 pinguid.
918 4165 998 4218 mo*
1099 4164 1135 4219 23
1157 4164 1187 4218 in
1204 4180 1255 4219 on.
1272 4162 1334 4216 ΣΟ

279 4250 440 4305 stultissime
465 4252 493 4303 Σ
527 4252 688 4306 stultissime
713 4253 883 4322 persuasione
908 4258 937 4307 et
962 4254 989 4304 Τ
1105 4252 1142 4306 21
1167 4241 1267 4305 dudd
1292 4250 1333 4301 Π*

279 4336 314 4390 25
331 4337 493 4405 unguedinis
514 4337 565 4392 ΥΟ
666 4338 834 4393 rationabilis
851 4339 883 4390 Π
