3009 5200
280 427 344 493 620
666 428 838 482 lobannis
863 428 1022 483 Cassiani

282 618 407 683 studere
435 616 592 694 debemus,
622 619 659 681 ut
680 617 905 683 intumulatam
932 616 1136 683 castimoniae
1158 619 1328 699 puritatem
1351 616 1408 683 illo

283 722 335 788 uel
370 720 504 785 maxime
547 722 687 804 tompore
722 722 899 799 tenemus,
941 740 1001 804 qno
1038 722 1220 787 uenerandis
1255 722 1410 787 adsistere

282 828 428 907 optamus
460 822 624 903 attauhus,
657 829 689 890 et
722 826 969 909 uigilantissima
1004 826 1282 907 circumspectione
1316 842 1408 906 prae-

283 928 456 993 cauendum
492 928 549 1007 est,
585 944 624 991 ue
659 927 764 993 caruis
808 928 974 1009 integritas
1018 929 1223 1010 praecedente
1267 932 1407 1009 tempore

281 1030 436 1097 custodita
479 1030 512 1095 iu
548 1048 585 1095 ea
621 1033 786 1113 praecipue
823 1031 856 1095 in
893 1049 954 1113 qua
990 1048 1045 1097 nos
1081 1032 1120 1097 ad
1157 1031 1444 1097 commuuionemr

250 1133 428 1201 isalutaris
463 1133 601 1199 conuiuii
638 1151 859 1216 praeparamus
896 1137 986 1200 nocte
1020 1134 1190 1199 fraudetur.
1234 1151 1345 1198 uerum
1379 1133 1407 1197 si

279 1237 378 1301 bostis
406 1236 462 1301 ille
487 1235 705 1319 nequissimus,
735 1242 771 1301 ut
802 1236 892 1301 uobis
922 1236 1066 1303 caelestis
1088 1238 1219 1302 remedii
1241 1236 1407 1301 subtrahet

279 1338 478 1420 medicinam,
500 1341 661 1405 custodiae
689 1340 808 1423 sopitae
838 1342 951 1406 mentis
977 1340 1132 1423 inluserit,
1163 1344 1208 1405 ite
1230 1340 1406 1411 dumtaxat,

278 1442 418 1508 utnulla
433 1442 672 1526 reprehensibili
685 1444 911 1509 interueniente
926 1444 1058 1526 pruritu,
1083 1444 1170 1509 nullo
1186 1440 1406 1507 oblectationis

279 1548 506 1611 contaminetur
541 1548 682 1623 adsensu,
715 1546 769 1610 sed
805 1548 996 1629 egestionem
1032 1546 1169 1628 aliquam
1205 1563 1260 1628 pro
1293 1550 1406 1609 natura
1415 1567 1441 1605 ιο

278 1668 334 1733 per
366 1650 585 1715 necessitatem
618 1650 802 1731 conpulsam
831 1654 886 1715 aut
915 1651 998 1715 certe
1028 1648 1253 1734 inpugnatione
1287 1646 1406 1715 diaboli

277 1756 395 1835 absque
426 1770 517 1818 sensu
549 1752 722 1835 uoluptatis
757 1752 898 1819 elicitam
933 1753 973 1818 ad
1006 1752 1254 1834 inpedimentum
1281 1752 1405 1815 nostrae

277 1856 533 1923 sanctificationis
561 1856 745 1934 obtenderit,
776 1874 939 1939 pessumus
968 1859 1000 1922 et
1030 1856 1177 1921 debemur
1204 1856 1243 1919 nd
1267 1854 1404 1938 gratiam

278 1960 425 2025 salutaris
449 1958 512 2027 eibi
533 1959 721 2025 confidenter
743 1961 897 2025 accedere.
936 1960 984 2023 sin
1009 1977 1080 2024 uero
1104 1962 1210 2024 nostro
1233 1958 1314 2023 uitio
1330 1957 1404 2023 baec

278 2063 373 2127 fuerit
405 2062 511 2144 egesta
542 2063 707 2139 concretio,
738 2064 966 2129 conuenientes
1003 2062 1224 2127 conscientiam
1263 2064 1403 2125 nostram
1416 2083 1443 2121 u

276 2164 357 2231 illud
381 2166 586 2248 apostolieum
608 2166 825 2233 formidemus:
849 2166 915 2249 qni
938 2165 1243 2231 manducauerit
1266 2180 1403 2245 panem

276 2270 317 2333 et
344 2267 496 2334 biberit
523 2269 691 2335 calicem
720 2270 869 2334 domini
899 2270 1078 2351 indigue,
1109 2286 1200 2333 reus
1222 2266 1300 2331 erit
1324 2283 1403 2329 cor·

276 2375 384 2454 poris
406 2376 448 2437 et
469 2372 678 2455 sauguinis
708 2372 868 2437 domiui.
905 2373 1042 2454 probet
1064 2377 1189 2439 autem
1213 2390 1252 2435 so
1275 2370 1403 2453 ipsum

276 2477 402 2559 bomo,
435 2477 473 2539 et
506 2475 564 2539 sic
592 2474 800 2540 manducet
829 2475 872 2539 de
900 2492 999 2557 pune
1029 2476 1102 2540 illo
1130 2478 1167 2541 et
1195 2476 1238 2539 de
1271 2474 1403 2537 calice

245 2578 398 2649 ebibet.
453 2579 518 2662 qui
561 2580 662 2644 enim
689 2577 909 2644 manducat
953 2582 991 2644 et
1037 2578 1138 2644 bibit
1182 2594 1319 2660 panem
1366 2576 1440 2639 eta

275 2683 441 2748 calicem
473 2683 624 2748 domini
653 2684 831 2766 indigue,
862 2683 1057 2748 iudicium
1086 2683 1165 2748 sibi
1191 2677 1404 2744 manducat

275 2788 315 2851 et
348 2785 454 2852 bibit
486 2804 560 2851 non
593 2787 828 2852 discernens
861 2805 1020 2870 corpus,
1056 2786 1089 2852 id
1122 2789 1170 2851 est
1203 2777 1402 2866 nequaquam

275 2889 367 2955 illum
382 2891 548 2956 caelestem
564 2892 669 2956 cibum
683 2910 703 2958 a
717 2889 930 2958 communium
945 2907 1086 2955 escarum
1101 2889 1224 2954 uilltate
1236 2903 1401 2952 secernens

275 3011 333 3061 nec
362 2993 460 3057 talem
491 3010 556 3058 esse
584 2993 768 3072 diiudicaus,
800 3012 891 3076 quem
914 3011 976 3058 nou
999 2993 1060 3058 nisi
1081 3011 1159 3074 pura
1181 2991 1272 3056 liceat
1295 2994 1402 3054 mente

275 3095 326 3162 uel
342 3113 434 3161 carne
450 3115 656 3178 praesumere
678 3099 809 3181 denique
826 3097 936 3163 insert:
960 3097 1047 3162 ideo
1064 3095 1172 3160 inter
1194 3111 1261 3158 uos
1283 3091 1437 3158 multies

274 3198 435 3264 infirmi
464 3205 503 3264 et
533 3200 740 3280 inbecilli,
773 3205 809 3266 et
841 3204 1040 3266 dormiunt
1069 3197 1201 3276 multi,
1227 3195 1402 3280 spiritalem

274 3303 396 3367 scilicet
422 3303 641 3369 infirmitatem
669 3321 707 3368 ac
734 3307 866 3370 mortem
897 3323 932 3368 ex
961 3303 1020 3368 bac
1050 3299 1263 3384 principaliter
1295 3297 1401 3366 diceus

272 3408 523 3491 praesumptione
551 3407 701 3491 generari.
740 3407 834 3472 multi
863 3408 957 3488 enim,
989 3407 1043 3489 qui
1069 3423 1141 3471 eum
1164 3404 1287 3470 inlicita
1308 3421 1401 3468 usur·

377 3593 409 3646 16
426 3592 440 3645 Ι
459 3593 518 3648 Cor.
538 3594 578 3656 11,
596 3592 699 3646 27-29
802 3593 835 3645 25
853 3591 871 3644 l.
890 3607 911 3646 c.
930 3591 966 3646 30

324 3761 340 3814 'l
363 3760 393 3814 in
416 3761 494 3815 nobis
518 3761 541 3815 0
642 3761 817 3815 donstodise
834 3759 929 3815 B¹F¹z
959 3761 1081 3815 custodia
1099 3761 1178 3834 ΒΨ
1207 3758 1402 3815 custodiamO

271 3847 324 3917 pto:
351 3848 659 3915 mcficup.10,10t
677 3847 799 3913 XXIII,
818 3853 877 3913 c‚1
992 3849 1026 3902 10
1048 3849 1168 3918 aliquam
1197 3847 1264 3901 ..ll
1290 3846 1401 3916 conpul-

271 3933 340 4000 sam]
366 3935 415 3986 uut
438 3932 558 3985 naturali
582 3933 743 3986 necessitate
766 3933 901 4002 profusam
920 3933 1087 4002 (propulsam
1105 3939 1131 3998 o)
1147 3934 1187 4003 do
1205 3935 1241 4002 cs.
1258 3949 1320 4001 cop.
1338 3935 1363 3997 6,
1381 3935 1400 3985 4

271 4027 298 4074 et
315 4023 340 4074 5.
359 4017 432 4084 XII,
449 4019 516 4083 8,2
619 4019 652 4074 14
669 4019 733 4074 baec
751 4035 800 4074 om.
819 4019 877 4074 BF
979 4021 1012 4076 15
1029 4024 1106 4090 gesta
1123 4019 1153 4074 Ρ
1253 4019 1285 4073 16
1304 4015 1402 4087 paneul

271 4123 321 4160 ora
345 4107 373 4160 B
483 4105 516 4160 18
538 4115 627 4160 suurn
650 4105 720 4161 BF:
751 4105 866 4174 primum
892 4105 915 4162 0
944 4111 1036 4162 autem
1059 4109 1176 4177 primm
1199 4107 1238 4176 do
1342 4107 1400 4174 ipse

273 4192 317 4260 op
404 4191 594 4246 1911111111ι
679 4193 1164 4263 coponem...21dominiom.po
1249 4192 1397 4260 2211111111

271 4275 362 4344 13th
387 4291 479 4345 corpur
497 4275 544 4330 dili
564 4277 609 4332 Oc
693 4277 728 4332 26
746 4278 881 4332 iubeccilli
899 4279 927 4332 Β
954 4279 1148 4349 im(in·)bioilli
1166 4277 1235 4332 11¹2
1267 4343 1270 4350 ⁴
1319 4279 1398 4347 spiri·

270 4362 573 4418 tales...inflrmitatee
593 4365 659 4433 Ode
753 4365 788 4418 27
806 4367 905 4420 morter
925 4365 990 4436 Οβυ
1023 4356 1027 4364 ’
1082 4365 1233 4436 specialiter
1252 4364 1330 4435 θ’βυ
