3009 5200
314 385 360 452 98
709 384 875 438 Iohannis
892 381 1053 438 Cassiani

318 573 466 640 inmorari
488 577 657 657 optansque
680 573 807 638 sibimet
824 589 1033 638 successorem
1048 572 1267 657 dignissimum
1282 575 1445 656 prouidere

287 680 473 759 teuperstes
495 697 566 742 eum
587 677 770 760 presbyterii
797 675 913 740 bonore
940 678 1090 758 prouexit.
1126 677 1179 758 qni
1200 680 1306 743 tamen
1328 678 1444 760 prioris

318 779 507 846 humilitatis
536 780 788 846 consuetudinem
817 799 878 845 ncn
908 780 1056 846 omittens
1084 780 1165 845 nibil
1197 799 1346 863 nmquam
1378 779 1443 845 sibi

318 883 373 949 illc
399 887 561 966 praesente
591 883 628 948 de
656 883 846 950 sublimioris
874 883 991 948 ordinis
1021 883 1189 950 adiectione
1217 886 1356 962 donauit,
1383 883 1444 948 sed

318 1006 439 1070 semper
470 989 581 1053 abbate
610 986 757 1052 Pafnutic
784 985 942 1070 spiritales
968 985 1086 1051 hostias
1107 986 1255 1052 offerente
1277 987 1330 1052 bic
1350 987 1487 1051 nelnta

317 1091 462 1156 diaconus
484 1091 517 1155 in
538 1089 649 1173 prieris
673 1073 840 1155 ministerii
862 1089 1036 1172 permansit
1056 1087 1167 1154 officio,
1205 1089 1241 1154 in
1258 1107 1318 1172 que
1333 1091 1443 1154 tumen

318 1195 441 1260 beatum
464 1193 656 1272 Pafnutium,
680 1211 749 1258 cum
772 1193 845 1257 talis
867 1193 918 1257 uir
939 1196 1020 1258 esset
1042 1210 1079 1257 ac
1101 1194 1216 1269 tantus,
1232 1196 1313 1259 utin
1330 1193 1444 1257 multis

317 1298 412 1362 etiam
432 1297 657 1381 praescientiae
678 1295 813 1378 gratiam
828 1295 1008 1377 possideret,
1030 1295 1109 1360 haee
1122 1312 1194 1378 spes
1209 1296 1443 1362 substitutionis

316 1401 486 1483 electioque
520 1399 668 1466 frustrata
701 1401 758 1464 cst.
795 1416 869 1463 nam
896 1416 956 1463 non
990 1398 1088 1464 multo
1116 1405 1190 1480 pest
1215 1399 1309 1482 hunc,
1345 1417 1443 1482 quem

316 1503 376 1569 sibi
398 1507 563 1584 parauerat
585 1520 804 1580 successorem,
827 1501 991 1583 praemisit
1010 1503 1050 1566 ad
1073 1501 1175 1569 deum.
1455 1525 1486 1564 ro

357 1625 400 1691 II.
425 1626 486 1691 Hic
508 1625 605 1710 igitur
626 1627 735 1691 beatus
759 1623 891 1690 Danihel
913 1624 1139 1707 inquirentibus
1154 1624 1254 1704 nobis,
1271 1642 1326 1690 cur
1339 1625 1443 1689 inter-

317 1729 392 1794 dum
415 1731 582 1794 residentes
609 1728 640 1793 in
665 1727 779 1794 cellula
800 1730 890 1794 tante
904 1727 1066 1793 alacritate
1081 1729 1181 1794 cordis
1197 1747 1269 1792 cum
1284 1726 1443 1792 ineffabili

315 1832 447 1918 quodam
463 1833 576 1916 gaudio
593 1835 624 1895 et
639 1831 840 1896 exuberantia
854 1833 1131 1897 sacratissimorum
1143 1849 1288 1897 sensuum
1300 1831 1442 1914 replere-

314 1954 393 2014 mur,
416 1937 452 2000 ut
473 1953 541 2000 carn
563 1953 624 1999 non
647 1934 749 2000 dicam
778 1953 879 2000 sermo
902 1934 1058 2018 subsequi,
1084 1936 1139 1999 sed
1161 1954 1199 2000 ne
1221 1935 1286 2017 ipse
1308 1935 1442 2017 quidem

313 2057 420 2106 sensns
443 2043 622 2119 cocurreret,
646 2038 744 2104 oratic
768 2056 888 2123 quoque
915 2057 994 2121 pura
1016 2039 1212 2105 emitteretur
1233 2057 1270 2104 ac
1291 2039 1484 2121 promptare

312 2144 344 2207 et
371 2159 459 2206 mens
486 2141 579 2225 plena
606 2141 799 2224 spiritalibus
831 2141 983 2208 fructibus
1011 2160 1118 2225 preces
1140 2161 1212 2208 suas
1235 2141 1374 2208 efficaces
1396 2158 1441 2204 ac

193 2286 195 2294 ‚
312 2246 397 2312 leues
420 2247 516 2312 etiam
530 2265 585 2329 per
600 2258 742 2328 soporem
760 2246 937 2328 supplicans
951 2247 991 2312 ad
1007 2247 1101 2312 deum
1116 2245 1278 2330 peruenire
1292 2245 1438 2321 sentiret,

312 2366 348 2414 ac
369 2367 493 2414 rursum
515 2349 610 2416 nullis
633 2349 852 2414 exsistentibus
878 2349 981 2415 causis
1008 2350 1094 2415 tanto
1117 2349 1220 2414 subito
1242 2347 1441 2430 repleremur

312 2469 427 2536 augore
450 2455 482 2517 et
504 2451 716 2518 inrationabili
739 2453 870 2536 quadam
895 2452 1052 2518 maestitia
1073 2470 1290 2534 premeremur,
1313 2455 1348 2516 ut
1372 2468 1439 2516 non

310 2554 412 2625 solnm
434 2557 562 2621 'nosmet
590 2555 671 2638 ipsos
703 2554 881 2621 huiusmodi
907 2555 1051 2621 sensibus
1078 2573 1214 2621 arescme
1234 2553 1437 2637 sentiremus
1451 2577 1481 2621 re

311 2676 421 2725 nemm
443 2659 541 2725 etiam
563 2659 705 2724 horreret
727 2659 815 2737 cella,
837 2661 975 2725 sorderet
997 2658 1100 2737 lectio,
1116 2662 1183 2742 ipsa
1197 2676 1318 2741 quoque
1332 2659 1439 2723 insta·

311 2762 381 2831 bilis
410 2780 446 2829 ac
473 2762 654 2828 nutabunda
680 2767 712 2826 et
739 2763 965 2844 quodammodo
994 2763 1079 2827 ebria
1107 2762 1302 2827 emitteretur
1324 2763 1438 2841 oratic,

309 2863 357 2931 ita
384 2869 420 2930 ut
446 2866 726 2947 ingemescentibus
752 2868 785 2931 et
817 2866 1002 2931 conantibus
1036 2866 1125 2931 nobis
1158 2866 1197 2930 ad
1231 2865 1438 2929 directionem

310 2967 474 3051 pristinam
496 2967 636 3033 reuocari
657 2985 742 3034 mens
757 2971 864 3033 nostra
885 2987 946 3034 non
961 2970 1075 3051 posset,
1090 2971 1267 3053 quantoque
1282 2967 1438 3032 intentius

309 3070 347 3137 ad
376 3070 426 3134 dei
454 3071 650 3135 reduceretur
672 3071 835 3157 intuitum,
863 3076 951 3138 tanto
978 3072 1190 3138 uehementius
1212 3072 1251 3138 ad
1274 3072 1481 3137 discursasse

309 3173 470 3239 instabiles
490 3173 608 3239 lubrico
631 3178 789 3256 raperetur
813 3192 939 3240 excessu
962 3177 995 3241 et
1016 3176 1062 3241 ita
1077 3176 1162 3242 omni
1176 3175 1311 3259 spiritali
1327 3175 1437 3241 fructu

309 3276 488 3342 redderetur
515 3276 618 3353 effeta,
647 3280 683 3342 ut
708 3296 764 3343 nec
792 3259 944 3344 desiderio
977 3280 1064 3362 regni
1086 3278 1242 3343 caelorum
1264 3296 1320 3344 nec
1344 3282 1436 3343 metu

307 3378 465 3462 gehennae
487 3380 640 3463 proposito
657 3382 696 3447 ab
710 3381 769 3446 hoc
784 3382 871 3447 letali
886 3385 1018 3464 quodam
1033 3398 1141 3446 somne
1157 3382 1274 3446 ualeret
1290 3380 1434 3457 excitari,

306 3481 352 3551 ita
373 3484 539 3567 respondit.
653 3510 656 3517 ·

349 3603 411 3669 ΙΙΙ.
433 3604 602 3688 Tripertita
623 3604 711 3669 nobis
726 3624 745 3670 a
760 3602 930 3670 maioribus
953 3606 1033 3670 ratio
1056 3622 1148 3687 super
1170 3603 1227 3669 bac
1248 3620 1310 3687 qua
1324 3604 1480 3669 dicitiseo

359 3892 373 3945 1
395 3890 542 3960 obtauaque
561 3892 584 3947 Ο
686 3892 702 3947 2
721 3893 875 3962 presbiterii
890 3893 988 3949 DWP
1014 3894 1126 3962 presnit.
1146 3892 1169 3948 O
1269 3893 1286 3947 6
1304 3892 1433 3961 diaconos

311 3976 355 4031 W¹
460 3978 493 4033 10
510 3982 635 4046 paruerat
651 3978 693 4035 D¹
796 3979 977 4036 11dsniero
1071 3978 1183 4049 qunrO
1287 3978 1319 4031 12
1336 3978 1434 4033 cellola

310 4061 355 4118 W¹
456 4063 600 4119 alacrctate
618 4064 659 4120 1)ι
762 4082 826 4135 qum
847 4065 870 4122 0
973 4066 1005 4120 lb
1028 4068 1132 4134 promta
1152 4063 1212 4120 ΨΟ
1313 4063 1344 4119 21
1370 4065 1433 4133 ipss

305 4148 417 4219 quoque]
440 4150 549 4219 ipsaque
572 4150 661 4207 WOX
763 4152 797 4206 23
820 4152 1057 4221 ingemiscentibus
1080 4150 1137 4207 DP
1237 4150 1273 4206 24
1295 4152 1382 4220 possit
1401 4152 1435 4205 D

305 4234 337 4289 X
429 4233 465 4289 26
481 4252 583 4291 excesso
600 4237 642 4292 D¹
737 4234 770 4291 27
788 4238 881 4293 effecta
898 4237 1081 4295 D⁴W²OPX¹
1171 4237 1301 4293 desideria
1317 4238 1360 4292 D¹

304 4319 339 4374 28
356 4336 459 4375 summe
476 4321 516 4376 D·
618 4322 653 4377 30
670 4338 722 4391 qua
739 4322 858 4380 D¹O¹Xr
888 4339 968 4394 quam
985 4323 1128 4381 D²WO²P
