3009 5200
265 430 331 495 610
658 427 827 485 lobannis
844 426 1001 485 Cassiani

266 619 428 685 sanctione
450 617 626 697 distribuit,
648 618 726 685 lieet
753 622 955 701 peccatorum
979 636 1108 685 suorum
1128 618 1236 701 ignem
1256 621 1394 685 maxime

265 722 325 787 boe
353 723 547 805 elemosynae
574 740 646 787 rore
673 722 860 805 restinguat,
891 726 1007 801 tamen,
1033 722 1203 805 quaomnia
1224 741 1297 805 opes
1318 740 1394 787 snas

265 825 523 911 magnanimitate
555 826 724 909 dispenset,
757 825 941 909 inpossibile
972 829 1022 891 est
1054 827 1092 891 nt
1124 844 1157 891 se
1189 825 1228 891 ad
1260 827 1394 909 plenum

265 930 354 995 emat
375 950 395 995 a
416 928 627 995 dominatione
647 930 777 1013 peceati
809 930 869 997 nisi
891 930 971 997 torte
992 931 1202 1015 pergratiam
1224 930 1394 995 saluatoris

235 1030 336 1097 bourn
365 1052 398 1097 re
427 1032 524 1099 etiarn
555 1032 662 1115 ipsum
693 1032 853 1099 adiectum
885 1033 1064 1116 deposuerit
1097 1033 1286 1117 possidendi.
1321 1034 1430 1115 paria

264 1134 355 1201 modo
384 1154 447 1201 non
475 1138 581 1218 potest
610 1154 671 1201 non
696 1142 824 1201 cruento
847 1138 966 1219 peceati
988 1135 1117 1219 imperio
1139 1136 1297 1221 famulari,
1320 1138 1393 1219 qui·

263 1256 395 1321 cumque
427 1238 552 1303 oculum
582 1256 639 1322 pro
667 1239 767 1322 oculo,
797 1238 923 1305 dentem
953 1256 1009 1322 pro
1037 1239 1133 1305 deute
1160 1260 1197 1305 er
1226 1240 1393 1323 praeeepto

263 1342 342 1425 legia
370 1359 477 1407 eruere
507 1345 563 1407 eut
591 1342 662 1407 odio
690 1342 804 1407 habere
834 1341 998 1407 inimicum
1030 1361 1122 1408 snum
1156 1343 1290 1423 mauult,
1317 1342 1394 1427 quia

263 1462 389 1509 neeesse
409 1444 457 1509 est
478 1461 561 1525 enm,
583 1442 660 1509 dum
680 1443 808 1509 talionis
830 1442 1047 1509 uicissitudine
1069 1444 1179 1509 ulcmci
1195 1463 1285 1509 snam
1300 1446 1393 1526 optet

263 1547 420 1625 iniuriam,
454 1547 530 1611 dnm
566 1550 676 1611 eontra
710 1546 854 1612 inimicos
891 1546 955 1611 odii
992 1547 1238 1613 amaritudinem
1273 1549 1430 1622 seruata

264 1650 378 1717 turorie
406 1652 502 1731 etque
530 1652 595 1715 irae
622 1648 859 1733 perturbatione
887 1667 1010 1731 semper
1032 1650 1167 1717 accendi.
1201 1651 1392 1733 quicumque

264 1772 340 1819 nero
361 1751 420 1819 aub
443 1753 642 1837 euangelieae
655 1753 777 1837 gratiae
793 1751 1032 1818 inluminatione
1047 1753 1201 1831 uersatur,
1216 1770 1254 1817 ac
1268 1752 1393 1818 malum

263 1875 325 1921 uon
357 1855 528 1922 resistendo
561 1873 712 1937 superans
748 1856 804 1921 sed
842 1855 968 1921 lereudo
1004 1857 1164 1920 dexteram
1200 1854 1392 1939 percutienti

263 1960 425 2027 maxillam
457 1958 554 2025 etiam
581 1960 716 2026 alteram
745 1958 893 2042 praebere
921 1959 1118 2025 uoluntarius
1147 1976 1208 2023 uon
1240 1962 1392 2035 moratur,

263 2063 383 2129 nolenti
405 2064 571 2128 aduersum
593 2082 627 2128 se
648 2062 686 2128 de
709 2066 817 2129 tunica
838 2062 980 2149 litigium
1003 2080 1186 2127 eonmouere
1204 2061 1343 2125 remittit
1358 2062 1429 2132 et„

263 2167 405 2249 pallium,
421 2168 535 2249 quique
549 2167 656 2251 diligit
671 2166 816 2232 inimicos
836 2184 906 2231 suos
924 2171 957 2233 et
971 2170 1040 2231 orat
1055 2183 1110 2249 pro
1126 2164 1392 2231 calumniantibus

235 2270 336 2350 isibi,
358 2270 412 2337 hie
433 2270 552 2353 peccati
572 2270 714 2355 reppulit
734 2272 845 2357 iugum
867 2288 903 2335 ae
925 2270 1033 2337 uincla
1047 2269 1192 2353 disrupit.
1226 2268 1392 2333 nonenim

263 2374 346 2439 uiuit
367 2372 424 2438 snb
446 2373 527 2457 lege,
550 2391 630 2455 quae
651 2391 712 2439 non
726 2374 884 2439 interimit
898 2372 1064 2438 seminaria
1077 2374 1276 2455 peccatorum
1296 2372 1390 2453 (unde

263 2496 326 2543 nou
355 2476 501 2542 inmerito
530 2476 569 2541 de
601 2476 669 2559 ipsa
697 2479 806 2543 beatus
829 2477 987 2561 apostolus
1010 2476 1253 2557 reprobatio,
1276 2476 1389 2557 inquit,

263 2580 315 2646 tit
358 2580 638 2664 praecedentis
681 2581 855 2646 mandati
900 2580 1062 2663 propter
1105 2579 1426 2649 infirmitatem„

263 2685 349 2752 eius
387 2687 425 2750 et
460 2683 750 2750 inutilitatem:
794 2684 901 2750 uihil
940 2684 1041 2750 euim
1085 2684 1131 2749 nd
1168 2681 1388 2767 perfeetum

261 2789 449 2873 perduxit
470 2789 545 2866 lex,
568 2792 600 2852 et
622 2787 765 2854 domiuus
795 2806 850 2870 per
879 2788 1062 2872 prophetam
1084 2792 1123 2851 et
1145 2785 1251 2864 dedi,
1274 2786 1387 2868 inquit,

262 2895 319 2959 eis
341 2897 553 2975 praecepta
573 2909 647 2957 non
668 2891 783 2972 bona,
814 2894 851 2956 et
872 2891 1218 2966 iustificationes,
1242 2888 1282 2952 iu
1304 2889 1386 2970 qui·

262 2999 331 3065 bus
362 3013 432 3060 non
460 2995 599 3059 uiuent
629 2997 666 3059 in
688 2996 777 3081 eie),
807 2997 861 3060 sed
883 2995 940 3060 snb
963 2994 1075 3078 gratia,
1098 3011 1177 3076 qnae
1198 3010 1259 3058 non
1282 3008 1385 3056 ramos

262 3099 388 3164 tautum
417 3101 572 3182 nequitiae
600 3101 755 3182 amputet,
785 3100 839 3164 sed
869 3099 953 3182 ipsas
982 3096 1107 3182 penitus
1136 3095 1254 3162 radices
1277 3093 1423 3164 noxinear

261 3202 435 3270 uoluntatis
461 3203 580 3267 euellit.

303 3321 471 3390 XXXIIII.
493 3321 641 3404 Quisquis
662 3340 736 3406 ergo
759 3321 983 3404 perfectionem
1008 3321 1206 3404 euangelicos
1228 3318 1386 3386 studuerit

260 3431 366 3492 tenere
380 3426 549 3507 doctrinae,
565 3424 617 3491 hic
630 3425 690 3492 sub
704 3426 809 3508 graba
828 3425 1019 3492 constitutus
1034 3423 1156 3508 peceati
1169 3421 1385 3490 dominatione

363 3628 378 3681 7
405 3628 439 3682 cl.
462 3626 509 3682 Ex.
535 3627 578 3692 21,
605 3627 639 3681 24
742 3629 776 3682 13
801 3627 837 3681 ei.
857 3627 907 3683 Mt.
935 3629 960 3692 5,
986 3627 1089 3682 39-40
1194 3627 1226 3681 19
1253 3625 1331 3678 Hebr.
1362 3624 1386 3688 7,

261 3714 362 3770 rs-le
463 3713 497 3767 22
515 3713 609 3768 Erech.
627 3714 671 3778 20,
688 3713 724 3768 25
741 3712 837 3782 (Lxx)

309 3905 327 3958 2
350 3903 514 3971 elymoeiune
530 3903 559 3958 B
587 3902 753 3973 elimoepuae
771 3901 802 3956 F
828 3899 970 3956 elemosine
993 3899 1016 3955 0
1118 3901 1135 3954 8
1157 3897 1214 3970 eut]
1234 3901 1266 3952 ut
1289 3897 1320 3952 F

259 3993 320 4045 uult
337 3989 367 4044 F
450 3988 692 4043 9niciaeitudiuem
704 3987 773 4044 ΡΟ
865 3987 898 4041 10
915 3985 1022 4040 odioZ
1108 3986 1140 4040 11
1158 3982 1386 4054 perturbationem

259 4109 338 4166 ΒΨ*
424 4109 458 4164 13
475 4107 693 4164 ferendoBFO=
719 4079 875 4162 rele'frdoK
901 4105 1055 4174 perferendo
1068 4105 1175 4160 Zcorr.
1262 4107 1386 4160 dextram

259 4195 315 4251 ΒΟ
416 4196 450 4250 15
472 4197 500 4250 et
522 4194 625 4250 nolenti
649 4194 716 4264 ode
818 4192 937 4248 liticinrn
956 4191 997 4248 K*
1102 4191 1133 4246 17
1157 4191 1267 4246 uincula
1289 4189 1321 4244 F

259 4283 294 4336 18
315 4281 452 4335 interemit
473 4278 584 4336 12011ι
674 4281 707 4336 19
724 4279 819 4350 inquid
837 4277 948 4348 BFOd¹
1034 4278 1068 4332 22
1086 4275 1205 4332 dedito
1290 4276 1387 4345 inquid

258 4365 407 4422 BFOK¹Z
507 4365 542 4420 26
560 4366 709 4436 uoluptatis
731 4366 755 4422 0
