3009 5200
638 430 802 485 Iohannis
824 410 981 485 Cassiani

752 1129 871 1215 XXII.

250 1351 520 1449 connino
553 1348 786 1448 ABBATIS
817 1351 1074 1449 ΤΗΕΟΝΑΕ
1106 1351 1377 1451 SECVNDA.

479 1573 534 1638 nn
565 1571 804 1640 uoouvanus
836 1574 1144 1641 mnnssonsnvs,

687 1812 935 1897 OAPI'I'VLA.

356 1984 381 2051 Ι.
404 1986 450 2051 Do
472 1986 585 2051 iterato
608 1986 647 2050 ad
663 1985 809 2051 abbatem
837 1988 997 2055 Thoonem
1011 1988 1114 2053 reditu
1130 1990 1236 2054 nostro
1250 1990 1378 2071 eiusque
1400 2016 1415 2058 s

401 2087 624 2155 exhortatione.

339 2190 380 2257 11.
403 2190 664 2257 Commemoratio
696 2193 950 2277 interrogationis
978 2198 1112 2270 nostrae,
1143 2212 1198 2259 om
1225 2194 1376 2259 maiorem

402 2295 622 2361 abstinentiam
651 2295 752 2361 maior
780 2296 939 2361 interdum
968 2297 1068 2362 oannis
1094 2297 1280 2380 inpugnatio
1302 2315 1377 2361 oon-

323 2499 383 2565 111.
402 2404 630 2585 sQegttttttlrriplioi
646 2505 767 2568 ratione
784 2504 947 2587 proueniat
964 2503 1111 2586 genitalis
1126 2502 1228 2567 fluxus
1244 2502 1376 2587 agnatio.
1388 2534 1414 2573 lo

306 2605 383 2670 1111.
407 2606 626 2692 iuterrogatio,
648 2627 688 2673 an
712 2608 752 2674 ad
778 2610 1006 2674 sacrosanctam
1028 2609 1265 2673 conmunionem
1287 2625 1376 2672 aeos-

404 2709 476 2774 dsre
497 2709 593 2775 liosat
615 2715 767 2775 nocturna
792 2710 944 2776 inlusione
966 2711 1114 2792 pollutos.

345 2810 381 2874 V.
405 2811 586 2894 Responsio,
609 2813 731 2894 quando
746 2817 870 2878 reatum
885 2813 1048 2879 eontratat
1064 2812 1166 2894 passio
1181 2811 1375 2876 dormientis.

327 2911 382 2976 VI.
406 2913 493 2992 Quod
522 2934 754 2999 nonnumquam
783 2917 879 2981 otiam
908 2917 1026 2981 inimioi
1048 2914 1181 2982 faotione
1204 2914 1281 2980 haee
1303 2931 1375 2980 oon·

403 3017 506 3100 tingat
529 3018 652 3083 inlusio.
1386 3050 1411 3088 a

311 3116 380 3181 VII.
403 3118 492 3199 Quod
529 3141 699 3204 numquam
740 3122 870 3206 dignum
906 3143 938 3187 se
976 3123 1179 3187 conmunione
1216 3119 1377 3184 dominius

405 3224 558 3306 quispiam
581 3226 692 3291 debeat
718 3227 863 3292 iudicare.

291 3321 381 3388 VIII.
405 3322 558 3408 Obieotio,
575 3347 610 3392 eo
626 3330 705 3410 quod
718 3347 825 3394 omues
837 3327 992 3393 dominice
1004 3326 1221 3394 eommunious
1232 3325 1376 3408 priuandi

404 3427 477 3503 sint,
500 3429 527 3493 si
550 3430 656 3494 nullus
680 3433 727 3495 est
751 3431 868 3513 absque
890 3433 1025 3514 peooato.

276 3528 380 3594 VIIH.
403 3531 583 3615 Responsio,
612 3551 647 3597 oo
675 3534 756 3616 quod
784 3533 878 3599 multi
906 3535 1004 3598 sanoti
1027 3551 1092 3598 esse
1124 3533 1253 3614 possint,
1284 3548 1414 3607 nemo„

403 3638 507 3700 mmen
530 3635 646 3720 absque
668 3641 796 3720 psooato
817 3637 877 3702 nisi
900 3634 1054 3701 christus.

341 3735 381 3800 L
403 3735 491 3815 Quod
528 3739 613 3803 solus
649 3739 734 3804 filius
767 3739 818 3804 dsi
850 3739 966 3822 absque
998 3738 1063 3802 ullo
1097 3739 1215 3819 peooati
1248 3736 1378 3799 uulnere

403 3840 518 3906 uioerit
543 3843 774 3926 temptatorem.

302 4114 508 4170 texortatione
535 4116 615 4172 ΒΕΘ
724 4118 836 4186 iquur
863 4117 917 4173 FO
1024 4115 1244 4183 8subseqnatur
1269 4113 1307 4182 βυ

254 4200 285 4254 11
309 4205 505 4256 saoroaunotum
530 4201 589 4256 BF
697 4203 872 4273 inpunitus
896 4203 951 4259 ΒΟ
980 4201 1153 4272 pollutisto
1258 4199 1290 4253 13
1315 4213 1379 4252 uon·

251 4286 371 4356 trahitss
469 4288 502 4342 16
518 4289 661 4356 iudignum
679 4289 706 4343 Z
801 4289 934 4358 quispiam
952 4287 1084 4343 dominioa
1102 4287 1129 4341 B
1228 4287 1261 4340 1³0
1279 4299 1307 4338 eo
1326 4301 1379 4339 om.

253 4370 345 4426 ΒΜ
441 4373 528 4428 omnis
547 4374 587 4427 K*
689 4375 721 4428 19
738 4379 780 4428 est
797 4377 893 4430 om.0
990 4371 1267 4438 aluminosum
