3009 5200
295 444 359 513 546
687 438 854 496 Iohsunis
871 437 1029 494 cessioni

294 636 400 701 uiuere
426 634 475 700 iris
504 630 763 716 deprehendimus
784 628 918 696 indietis.
956 612 1046 693 uerbi
1068 626 1173 713 gretie
1192 642 1267 693 oum
1286 627 1321 693 in
1341 626 1419 694 soii—

285 737 403 803 ·tudine
433 734 596 803 constituti
625 734 798 801 aduentum
827 734 961 799 frutrmn
990 733 1042 798 uel
1071 732 1290 798 breuissimum
1313 750 1420 799 eornm

295 858 414 907 morum
444 858 516 906 oum
545 838 679 923 quodum
709 838 884 904 aestuantis
912 838 1010 903 enimi
1038 837 1197 903 mrietnte
1216 836 1419 920 suseiptmm,

293 944 395 1012 inesse
438 944 539 1011 adhue
574 944 610 1010 in
646 942 736 1009 nobis
780 941 999 1007 uiuuoissimse
1038 940 1243 1024 inpetiontiso
1278 940 1421 1006 tomitem

293 1048 482 1114 nouerimue
519 1064 591 1113 eum
613 1064 687 1111 uero
713 1046 897 1129 ouimqnum
926 1042 1035 1111 irstris
1056 1057 1217 1127 speremus
1237 1044 1459 1121 edneutrnn,s

293 1150 321 1217 si
342 1170 378 1217 eo
406 1170 461 1234 pro
490 1151 673 1216 necessitate
696 1146 803 1231 ulique
822 1147 988 1231 puululnm
1014 1146 1147 1214 forsitan
1167 1148 1348 1214 demorante
1369 1147 1421 1212 uel

293 1256 392 1321 teoitu
412 1252 589 1339 indignatio
610 1252 708 1318 enimi
731 1253 799 1318 eius
821 1252 994 1335 eulpeuorit
1022 1251 1207 1317 terditetem
1227 1253 1262 1317 et
1282 1255 1421 1318 mentem

291 1364 432 1424 nostrsm
453 1356 695 1439 intempestiuus
710 1354 935 1439 expectationis
950 1353 1132 1421 sollicitudo
1146 1354 1333 1435 turbeuerit,
1356 1356 1421 1419 ime

293 1466 387 1544 utque
416 1458 566 1527 tristities
590 1458 759 1525 manifeste
779 1462 811 1524 iu
834 1458 925 1524 notis
953 1458 1035 1524 uitis
1055 1458 1191 1524 residere
1212 1458 1419 1524 oomoientiue

263 1566 418 1633 3nostrne
453 1562 597 1646 prebebit
631 1579 771 1627 memes.
816 1562 894 1628 item
926 1562 956 1627 si
988 1561 1085 1629 iretre
1120 1563 1171 1628 uel
1207 1562 1348 1629 oodioem
1380 1562 1457 1629 uduo

293 1668 457 1753 legendum
479 1666 531 1731 uel
552 1663 728 1749 quemlibet
749 1664 845 1732 aliern
867 1666 908 1731 ed
923 1664 1074 1731 utendum
1089 1665 1225 1748 speeiem
1239 1665 1419 1747 postulante

293 1772 350 1837 sut
376 1787 434 1835 nos
462 1768 549 1834 iliius
579 1766 690 1850 petitio
720 1767 954 1835 contristnuerit
975 1771 1030 1834 sut
1051 1768 1145 1833 illum
1166 1769 1290 1851 negotio
1312 1770 1419 1835 nostru

293 1874 471 1958 reppulerit,
493 1870 626 1937 dubium
648 1889 710 1936 non
733 1872 783 1937 est
804 1888 861 1937 nos
882 1872 986 1938 adhue
1004 1872 1158 1939 enunties
1173 1890 1228 1939 seu
1242 1872 1419 1955 iilurgyrise

293 1976 412 2061 iuqueis
445 1975 613 2059 conpediri.
651 1974 761 2059 quodsi
794 1977 1039 2042 reeordationem
1064 1975 1155 2042 nobis
1176 1976 1346 2042 femineum
1367 1976 1420 2041 uel

292 2080 440 2166 rogitetio
468 2078 574 2147 subite
590 2078 654 2143 ‘uel
682 2096 786 2144 seerse
815 2080 910 2145 series
936 2078 1079 2145 leotiouis
1099 2080 1305 2146 edtuloritet
1325 2079 1361 2145 in
1382 2098 1455 2149 een

292 2186 426 2269 qudem
448 2201 504 2250 nos
526 2182 715 2249 senserimus
736 2180 923 2249 titilistioue
951 2184 1101 2266 pulsatos,
1127 2184 1262 2250 sedemus
1283 2186 1418 2251 neudum

293 2290 462 2355 ertinetum
491 2288 524 2353 in
557 2286 704 2353 membris
726 2286 841 2353 nosris
863 2286 1080 2353 fornicationis
1100 2288 1254 2355 ardorem.
1292 2288 1416 2353 duero

292 2394 331 2459 de
353 2390 567 2475 oonpuretioue
590 2389 796 2455 districtionis
818 2394 944 2455 nostroe
964 2392 998 2457 et
1017 2392 1210 2457 remissionis
1230 2390 1351 2457 utiense
1364 2391 1417 2456 uel

293 2496 477 2561 munimime
505 2493 642 2559 mentem
670 2494 810 2559 uostmn
831 2494 998 2576 temptent
1019 2493 1124 2576 eletio,
1146 2496 1269 2560 eertum
1291 2497 1342 2560 ost
1362 2510 1417 2560 nos

263 2596 362 2666 4dire
390 2597 554 2682 superbies
581 2598 671 2681 peste
699 2598 869 2680 eomuptos.
904 2615 979 2664 eum
1007 2598 1083 2664 hsoo
1111 2615 1184 2682 eruo
1212 2598 1362 2666 uitiorum
1383 2601 1453 2666 iuro

293 2705 382 2769 eorde
409 2703 516 2768 nostro
544 2699 837 2786 deprehenderimus
858 2702 982 2780 indicis
1008 2700 1174 2768 manifesto
1195 2719 1416 2786 oognososmus

293 2805 382 2871 nobie
403 2823 464 2870 non
486 2803 653 2880 edieotum
677 2805 732 2872 sed
751 2804 900 2870 edeotnm
920 2804 1030 2871 deesse
1042 2804 1180 2888 -peoosti
1200 2823 1294 2888 oues
1307 2807 1416 2890 utique

293 2907 461 2991 passiones,
483 2907 510 2972 si
533 2925 589 2974 nos
611 2909 793 2992 quandoque
819 2910 1049 2976 eouuorssttoni
1071 2908 1415 2977 misouerimus'huurs-

281 3029 360 3092 ·nee‚
396 3013 538 3094 protinus
569 3012 608 3077 de
639 3012 781 3078 eouernis
817 3013 996 3080 nostrorum
1032 3029 1182 3079 sensuum
1214 3016 1414 3096 proooteutes

292 3101 429 3199 probent
456 3131 490 3180 se
518 3131 580 3180 non
611 3115 687 3180 tuno
708 3115 846 3198 primum
866 3131 939 3182 oum
961 3115 1123 3200 eruperint
1142 3117 1239 3196 ursei,
1259 3117 1317 3183 ssd
1338 3118 1449 3182 tunes

294 3218 419 3284 demum
442 3217 516 3300 quis
537 3217 592 3282 diu
614 3217 767 3284 umorue
779 3219 941 3303 publiosri
978 3220 1012 3284 et
1025 3220 1072 3285 ite
1085 3219 1328 3303 minuendusque
1342 3221 1413 3288 uui

294 3319 412 3387 rsdiees
434 3319 523 3386 inse
546 3338 611 3386 esse
634 3319 747 3387 defixus
770 3322 863 3387 certis
885 3322 1005 3390 indietis
1020 3325 1118 3390 etiem
1131 3324 1290 3390 soliterius
1305 3327 1414 3406 depre-

346 3557 640 3630 ldepreondemusO
739 3560 994 3631 trusoep'mrusO
1094 3561 1337 3621 tuinsoissirnnrn
1360 3561 1410 3634 der

293 3653 480 3722 ofili‚‘d,2
581 3653 845 3712 emeterius-P
953 3656 1227 3726 simigusumeo
1327 3657 1411 3714 suini

293 3749 361 3806 BF:
388 3749 504 3804 nimium
522 3748 590 3818 odo
680 3749 849 3806 flinnddios
866 3751 903 3807 θ’
929 3751 1154 3821 infin-jurodiose
1168 3751 1210 3821 βο
1295 3751 1413 3822 {indque

294 3845 333 3900 Ρ
428 3843 632 3914 manifestetur
644 3843 701 3914 ‘K¹)
719 3845 761 3915 do
845 3847 890 3902 ¹lt)
903 3846 1031 3916 probabit
1048 3847 1085 3903 0:
1112 3847 1241 3917 protudit
1256 3847 1314 3902 πᾶ
1331 3863 1349 3902 o

293 3945 452 4003 nessus
479 3933 562 4003 tri-o
664 3949 696 4002 11
716 3933 898 4017 pensuros
923 3946 1015 4005 suro
1115 3949 1150 4004 re
1166 3950 1296 4019 repulerit
1313 3947 1350 4003 z·

295 4041 328 4097 14
340 4043 416 4098 uobis
428 4042 569 4098 {eminerem
581 4035 651 4098 BF:
669 4041 785 4097 ieminse
794 4043 874 4098 nobis
887 4043 953 4114 Ops
964 4043 1000 4110 ef.
1012 4059 1072 4114 σαι).
1085 4048 1127 4110 16,
1139 4048 1157 4099 4
1243 4045 1275 4100 15
1286 4045 1414 4100 lectiones

293 4127 332 4182 Γ·
427 4145 484 4184 sem
501 4127 540 4184 F¹
634 4129 668 4184 16
684 4129 808 4198 pulsetur
825 4126 868 4184 1¹
965 4131 998 4186 ts
1013 4133 1189 4200 temptauerit
1200 4131 1234 4186 'B
1259 4130 1415 4186 temtabertt

297 4213 331 4270 θ’
406 4214 440 4272 21
452 4215 683 4286 ugnosoernns'Od
757 4216 939 4273 idsdteotum
952 4216 992 4272 F:
1010 4215 1135 4272 effoetum
1146 4217 1205 4272 rett
1282 4218 1319 4272 24
1331 4216 1415 4286 proei-

287 4301 428 4456 (ἓξὲξ
512 4299 965 4360 ttinseessorriuossooodd
1051 4301 1240 4360 soliteriooK¹
1325 4304 1415 4374 depre-

365 4387 442 4442 n'e
