3009 5200
446 415 610 472 tentatio
633 414 727 481 VIIII,
747 415 859 471 ael-at.
1152 418 1216 485 273

95 624 215 673 narrem
235 604 425 689 praeualeat
462 623 556 687 quem
577 604 697 671 statum
718 606 863 672 dominns
887 622 1007 689 qnoque
1022 608 1127 676 noster
1143 608 1216 673 illa·

93 730 159 777 rum
179 710 445 793 supplicationum
467 708 612 793 formula,
627 724 705 791 qnae
727 708 779 775 uel
800 708 886 775 solus
909 712 941 775 in
958 714 1063 775 moute
1075 710 1216 779 secedens

93 816 141 879 uel
160 812 259 879 tacite
280 810 400 878 fudisse
420 811 619 888 describitur,
645 810 793 877 similiter
808 810 967 895 figurauit,
984 830 1055 879 cum
1070 813 1104 879 iu
1120 816 1216 881 orati·

93 916 160 982 onis
191 916 305 999 agonia
337 917 525 981 comtitntns
561 917 659 981 etism
690 915 800 999 guttas
834 915 996 997 sanguinis
1034 916 1217 985 inimitabili

67 1019 275 1087 sintenfionie
295 1017 436 1101 profudit
456 1017 606 1101 exemplo.

128 1140 248 1206 XXVI.
277 1138 354 1218 Quia
380 1156 454 1205 nero
482 1138 583 1221 possit
610 1138 811 1205 dnsrdtetes
834 1142 867 1205 et
888 1158 995 1205 canace
1016 1141 1100 1223 ipsas
1121 1144 1215 1224 atque

87 1246 223 1327 origines
238 1243 498 1326 compunctionum
514 1243 711 1326 quantalibet
725 1242 916 1325 experientia
927 1243 1087 1327 praeditus
1099 1244 1215 1311 suffici·

86 1353 177 1412 enter
204 1364 365 1429 exponere,
395 1346 508 1429 quibus
536 1345 734 1412 inflammata
761 1364 850 1411 mens
878 1348 972 1429 atque
1000 1364 1147 1413 succense
1175 1349 1215 1415 ad

86 1451 244 1517 oratiorms
271 1468 366 1534 puras
393 1466 430 1515 ac
457 1449 706 1515 lementissimae
735 1450 908 1515 innitatur?
941 1468 1073 1531 quarum
1106 1470 1214 1533 pauca,

53 1558 242 1638 inquantum
269 1555 463 1636 potuerimus
490 1553 530 1619 ad
558 1570 704 1636 praesens
725 1571 782 1635 per
803 1552 1074 1619 inluminationem
1095 1556 1215 1623 domini

85 1658 256 1739 reminisci,
284 1657 420 1741 exempli
448 1658 551 1741 gratia
577 1675 794 1740 proponemus.
833 1674 1068 1740 nonnumquam
1098 1658 1214 1725 etenim

85 1762 203 1844 psalmi
230 1764 450 1843 cuiuscumque
480 1760 653 1827 uersiculus
687 1760 880 1827 occasionem
914 1760 1063 1825 orationis
1097 1762 1214 1845 ignitae

85 1864 329 1932 decantantibus
350 1866 438 1931 nobis
460 1864 615 1946 praebuit.
642 1864 802 1929 interdum
825 1880 936 1931 canora
958 1864 1113 1931 fraternae
1128 1866 1214 1931 uocis

84 1967 260 2035 modulatio
296 1967 338 2033 ad
373 1968 529 2035 intentam
564 1966 826 2051 supplicationem
863 1969 1059 2052 stupentium
1095 1971 1214 2035 animos

53 2071 248 2137 summit.
285 2072 430 2137 nouimus
452 2089 573 2153 quoqne
596 2070 831 2136 distinctionem
853 2071 1105 2155 grauitatemque
1128 2074 1243 2155 psal-2

84 2173 180 2239 lentis
208 2175 307 2241 etiam
335 2174 533 2241 sistentibus
566 2174 741 2255 plurimum
777 2174 946 2241 contulisse
980 2175 1120 2241 feruoris.
1156 2195 1214 2243 nee

84 2297 147 2344 non
175 2277 349 2346 exhortatio
377 2279 439 2343 uiri
465 2277 596 2361 perfecti
624 2278 657 2343 et
685 2278 820 2345 conlatio
853 2278 1003 2360 spiritalis
1037 2278 1213 2363 frequentor

85 2380 127 2445 ad
148 2379 323 2447 uherdmas
345 2398 449 2464 preces
472 2381 644 2447 nonnum
667 2382 765 2447 erexit
788 2381 946 2448 affectum.
979 2381 1095 2447 scimus
1117 2383 1213 2447 ctiam

85 2483 193 2549 saus
216 2503 272 2550 seu
294 2484 358 2547 cari
380 2484 547 2551 cuiuslibet
573 2485 705 2549 interitu
732 2503 795 2549 non
823 2484 927 2549 minus
950 2503 1005 2549 nos
1028 2484 1067 2549 ad
1089 2484 1213 2561 planam

54 2588 348 2670 nconpunctn'ousm
375 2587 471 2655 inisse
498 2589 649 2670 raptatos.
686 2587 857 2654 recordatio
886 2607 1006 2672 quoque
1033 2587 1148 2672 teporis
1175 2606 1213 2654 ac

85 2690 304 2775 neglegentiae
332 2693 457 2758 noemae
485 2709 719 2774 nonnumquam
751 2691 842 2758 nobis
879 2692 1050 2758 salutarem
1083 2692 1212 2774 spiritus

86 2795 207 2861 inuexit
238 2795 390 2862 ardorem.
430 2795 524 2876 atque
556 2793 591 2858 in
623 2793 707 2859 hunc
733 2795 862 2860 modum
895 2794 976 2860 nulli
1006 2795 1135 2860 dubium
1163 2798 1211 2860 est

85 2898 260 2964 occasiones
282 2898 463 2964 innumeras
484 2915 546 2962 nou
568 2899 685 2974 deesse,
708 2897 822 2980 quibus
836 2916 891 2982 par
907 2897 956 2962 dei
972 2897 1108 2981 gretiam
1123 2901 1211 2982 tepor

85 3019 120 3066 ae
141 3001 349 3066 somnolentia
369 3004 548 3067 nostrarum
570 3000 726 3066 mentum
748 3001 853 3068 ualeat
875 3001 1012 3088 excitari,

54 3145 79 3186 s
124 3121 257 3188 XXVII.
286 3121 554 3202 Quemadmodum
576 3141 651 3188 uero
676 3123 727 3188 nel
756 3123 869 3206 quibus
896 3123 1006 3210 modis¹
1025 3123 1106 3189 istae
1127 3126 1210 3210 ipsae

87 3225 327 3307 compunctiones
348 3227 387 3292 de
409 3226 531 3292 intimis
555 3226 680 3292 animae
701 3225 903 3292 conclauibus
925 3226 1209 3308 proferrenonne

84 3328 215 3393 minoris
229 3327 430 3396 difficultatis
447 3332 497 3394 est
508 3330 665 3413 indagare.
688 3328 866 3412 frequenter
882 3329 964 3394 enim
980 3350 1034 3412 per
1050 3329 1209 3396 ineffabile

85 3431 295 3516 gmdiumet
320 3431 519 3498 alacritatem
547 3432 678 3515 spiritus
710 3431 935 3498 saluberrimae
973 3432 1208 3515 conpunctionis

183 3645 254 3702 2cl.
271 3645 336 3700 Lue-
353 3646 379 3708 ὃ,
399 3646 431 3699 16
532 3645 550 3698 4
570 3644 604 3699 cf.
622 3645 685 3699 Luc.
703 3644 746 3710 22,
764 3644 798 3698 44

132 3842 277 3896 3discrib.
293 3841 392 3897 D¹PX
424 3843 428 3848 ’
485 3843 616 3910 tguttas
637 3841 728 3897 OPX:
755 3843 836 3911 gutte
856 3841 934 3898 V¹D¹
959 3843 1042 3909 guttt
1062 3841 1140 3896 V¹D²

84 3925 237 3996 dpxoiddit
259 3926 282 3983 0
372 3927 525 3985 iidiuirsit.
549 3926 583 3982 V¹
668 3929 754 3998 adque
775 3927 852 3984 VOP
942 3925 1095 3996 Vorigeuis
1115 3926 1142 3981 V

85 4013 245 4068 mffitieutex
272 4015 298 4068 7
396 4015 414 4068 8
439 4014 579 4069 iullamata
606 4013 656 4070 VO
759 4014 846 4083 adque
876 4014 957 4070 7οΡ
1053 4014 1070 4068 9
1096 4014 1205 4070 feruiut

87 4096 112 4150 V
211 4099 245 4153 12
267 4100 406 4155 uersiculis
429 4101 470 4155 D¹
578 4099 830 4156 repatriationem
852 4099 895 4156 D²
999 4101 1031 4154 16
1052 4099 1206 4154 contullisse

84 4182 197 4239 leruores
221 4183 249 4240 V
349 4185 381 4239 ll
407 4186 539 4240 exortatio
561 4185 613 4241 VP
640 4187 757 4242 exoratio
783 4186 806 4241 0
906 4185 941 4240 20
963 4186 1090 4255 temporis
1117 4187 1141 4245 0

84 4269 117 4323 22
142 4269 227 4340 adque
256 4271 332 4327 7οΡ
435 4271 469 4326 23
496 4271 654 4326 comestoris
684 4271 712 4328 V
810 4271 844 4326 24
863 4272 1048 4332 :somnulentia
1074 4273 1140 4331 9¹0

84 4354 117 4410 25
131 4357 204 4426 ipsae
220 4372 272 4412 oce.
291 4357 342 4413 ΟΡ
439 4357 475 4411 28
491 4356 633 4411 alacritate
654 4355 681 4409 V
1136 4375 1140 4382 ³

131 4459 210 4515 XIII.
245 4477 341 4521 cmx.
1071 4463 1103 4518 18
