3009 5200
277 441 343 510 §w
666 439 832 495 Iohannis
847 438 1007 494 Cassiani

319 627 376 694 Vl.
413 627 620 710 Quamobrem
661 627 709 694 ita
743 629 890 696 memoli
924 631 1029 696 omnis
1064 629 1196 694 intentio
1229 629 1264 694 in
1297 647 1403 696 unm

278 751 400 816 semper
427 737 476 798 ut
502 731 664 816 defigenda
691 735 939 816 ornatarumque
967 735 1194 817 eogihfflnum
1221 736 1291 799 eim
1310 739 1403 800 ortus

279 837 372 918 atque
393 835 542 900 drenitus
564 835 596 899 iu
620 835 653 899 id
675 835 789 918 ipsum,
816 837 850 901 id
870 842 919 902 ost
939 837 980 902 ad
1001 837 1186 902 memoriam
1206 837 1257 902 dei
1270 841 1403 902 menne

278 937 455 1016 moi,
487 939 634 1004 uolutat
662 937 1402 1022 quisteretisabeidaeeammamuolmin

278 1041 413 1107 sublime
443 1041 626 1108 concludere
657 1041 862 1108 subtilissimi
888 1043 977 1109 illins
1004 1043 1104 1108 eenbi
1131 1043 1250 1108 linum
1279 1043 1439 1126 ingitsrs

276 1143 487 1210 droumdueat
507 1163 544 1210 ae
564 1147 735 1210 seeundum
760 1145 848 1211 illins
875 1147 1082 1212 mmmm
1109 1165 1252 1211 normam
1271 1164 1402 1213 ornnem

245 1246 481 1316 amandatis
516 1247 708 1330 parilitatem
743 1251 922 1314 ebneturae
957 1249 1090 1333 eollignt
1122 1248 1300 1331 dissiplina.
1345 1250 1402 1333 qui

276 1369 351 1418 uero
393 1369 464 1418 eam
506 1353 623 1435 absque
664 1352 756 1418 illius
791 1352 971 1418 medietatis
1005 1352 1149 1417 examine
1183 1369 1402 1419 consummare

276 1455 420 1538 quamuis
440 1473 566 1520 summa
585 1457 740 1520 artium
768 1457 888 1542 ingenii
908 1457 1162 1539 praesumptione
1181 1457 1401 1539 temptauerit,

278 1557 461 1642 inpossibile
492 1561 542 1624 et
572 1563 611 1624 ut
642 1559 871 1642 aequalitatem
901 1559 1051 1624 eirouitms
1080 1558 1169 1624 illius
1199 1559 1269 1624 nius
1296 1579 1437 1625 amomis

277 1661 435 1728 ountodiat
455 1663 512 1726 aut
525 1665 678 1744 qnantum
692 1681 787 1728 uerae
801 1663 1009 1728 rotunditatis
1022 1661 1251 1744 pulchritudini
1265 1662 1401 1728 mundo

276 1765 466 1831 subtraxerit
492 1767 561 1830 solo
588 1765 798 1849 deprehendat
823 1772 963 1849 aspectu,
991 1765 1057 1830 nisi
1084 1767 1127 1830 ad
1147 1765 1239 1830 illurn
1261 1765 1402 1831 indiam

276 1868 420 1934 ueritatis
441 1887 565 1952 semper
578 1885 740 1934 recurrens
756 1872 850 1951 atque
863 1870 932 1935 eins
955 1868 1088 1934 arbitrio
1100 1868 1282 1934 interiorem
1297 1869 1401 1952 operis

276 1972 328 2036 nni
340 1971 496 2037 ambitum
510 1973 753 2056 senor-qis
767 1973 924 2055 castigaris
937 1975 1006 2038 tam
1021 1972 1161 2036 exoelsae
1173 1973 1400 2055 magnitudinis

245 2073 392 2142 bmolem
421 2075 513 2140 noina
541 2075 650 2159 puueti
671 2074 740 2158 legs
769 2074 947 2140 eoueludat
981 2077 1030 2140 ita
1050 2075 1148 2139 etiam
1168 2093 1259 2140 ruens
1277 2080 1434 2155 nostae

277 2175 340 2242 nisi
361 2177 460 2242 solam
481 2176 600 2242 domini
620 2177 786 2243 oaritatm
809 2177 900 2242 uelut
919 2181 1064 2242 nentrum
1083 2177 1280 2242 inmobiliter
1299 2177 1400 2244 fixum

275 2300 332 2366 per
366 2284 515 2348 uniuersa
549 2299 677 2366 operum
713 2283 974 2366 molitionumque
1015 2288 1194 2348 nostrarum
1237 2285 1400 2348 momenta

276 2387 490 2470 eironmageris
511 2385 667 2469 probabili
689 2387 726 2451 ut
746 2387 796 2451 ita
815 2387 948 2452 dixerim
968 2387 1084 2452 circino
1098 2386 1243 2452 sariam
1255 2387 1399 2452 oninium

276 2489 498 2573 eogitationum
521 2489 573 2554 uel
594 2490 751 2571 optauerit
779 2490 832 2555 nel
860 2491 1032 2573 reppulerit
1060 2490 1259 2572 qualitatem,
1280 2507 1400 2572 nqua-

276 2611 369 2677 qum
398 2595 588 2659 structuram
619 2593 708 2659 illam
737 2593 873 2660 aedilicii
901 2594 1064 2678 spiritalis,
1094 2593 1183 2659 ouius
1210 2593 1329 2659 Paulus
1349 2595 1432 2658 «otoo

275 2695 477 2773 axobiteotus‚
500 2697 656 2779 probabili
668 2699 737 2762 arte
751 2699 910 2777 molietur,
932 2716 990 2762 neo
1004 2697 1270 2779 pulchritudinem
1284 2696 1397 2762 domus

276 2799 363 2865 illins
395 2800 575 2883 possidebit,
606 2819 699 2883 quarn
728 2803 841 2868 beatus
873 2801 975 2867 Dauid
1004 2803 1039 2865 in
1067 2802 1158 2866 eorde
1186 2817 1243 2865 suo
1271 2800 1397 2865 domino

277 2903 404 2985 oupiens
425 2902 568 2969 exhibere
589 2903 757 2987 domine,
778 2904 892 2988 inquit,
914 2904 1043 2970 dilexi
1063 2906 1241 2969 decorem
1262 2902 1397 2967 domus

276 3008 380 3085 tuae,
403 3008 442 3071 et
463 3006 590 3072 loanni
614 3006 888 3072 habitationis
916 3008 1072 3091 gloriae
1098 3014 1207 3087 tuae,
1229 3008 1286 3071 sed
1307 3006 1396 3071 inde-

276 3124 380 3173 ooram
409 3110 442 3173 in
471 3112 562 3175 eorde
591 3127 647 3175 ouo
675 3112 770 3192 atque
798 3109 959 3195 indignam
988 3110 1116 3193 spiritui
1136 3110 1247 3173 annoto
1267 3108 1428 3173 domums

278 3210 484 3295 mitiumque
513 3212 670 3295 lapsuram
699 3213 905 3296 inprudenter
926 3213 1069 3291 adtollet,
1092 3229 1154 3277 nou
1175 3210 1396 3297 glomlieandus

374 3494 667 3561 maledieto
768 3492 959 3561 &Pu-25&

324 3760 503 3831 bndqneB¹
587 3762 855 3818 serenissim
939 3760 1137 3817 obsidem:
1162 3759 1329 3814 absidisKo

274 3846 385 3901 billius
402 3862 452 3901 ont
470 3850 523 3903 Ko
608 3848 749 3903 irotund.
768 3849 881 3903 B'PK
961 3852 990 3901 et
1007 3851 1161 3901 structurae
1177 3846 1231 3901 Ka
1314 3845 1396 3898 dinei·

274 3932 377 4001 pliuam
392 3934 465 3989 OKo
537 3934 695 3988 8ullinsK
764 3932 997 3987 examinationsO
1068 3929 1327 4000 9temptaueratB¹

279 4020 309 4074 11
328 4020 433 4074 rotund.
452 4020 562 4075 B'PK
655 4020 833 4089 pulcritudini
852 4020 876 4075 0
903 4018 1163 4088 pulchritudinem
1259 4016 1294 4070 13
1310 4016 1396 4086 adque

276 4104 304 4157 B
408 4104 441 4159 14
463 4105 609 4160 excelsaO
711 4106 886 4159 altitudinem
908 4105 989 4158 molis
1010 4105 1044 4158 K
1143 4104 1177 4158 18
1198 4100 1337 4172 probabile
1356 4102 1395 4155 B'

278 4190 465 4259 Oprabebile
481 4192 519 4246 Ρ
623 4192 794 4247 tantatieo
895 4192 929 4245 19
945 4190 1074 4260 repulerit
1091 4189 1145 4244 ΒΟ
1245 4187 1281 4241 lt)
1299 4189 1396 4242 intrue-

275 4278 364 4331 turam
382 4278 421 4331 Β·
507 4280 539 4331 ll
559 4278 766 4347 pulcritudinem
789 4278 845 4333 OK
927 4278 962 4331 23
978 4276 1074 4345 inquid
1092 4275 1213 4331 BFOK¹
1298 4274 1333 4328 25
1350 4274 1397 4329 ad·

276 4376 326 4431 qno
343 4362 381 4417 Β·
485 4364 583 4433 spiritu
603 4364 659 4419 O¹o
760 4364 795 4417 ab
812 4362 922 4418 adtollit
939 4362 1017 4418 coda
1119 4361 1186 4429 non]
1204 4359 1238 4414 ad
1254 4359 1286 4413 F
