3009 5200
250 473 313 537 708
635 469 804 524 Iohannis
826 469 986 524 cassiani

251 678 395 744 agrorum
425 659 615 741 possessione
643 657 809 738 ditabitur,
835 657 966 738 quisque
987 676 1050 722 una
1071 659 1162 722 domo
1183 678 1239 741 pro
1259 660 1378 725 Christi

251 763 415 829 dilectione
439 763 551 826 reiecta
565 763 730 826 innumera
745 763 1006 826 monasteriorum
1020 762 1200 828 habitacula
1215 769 1377 847 tamquam

249 867 374 952 propria
403 867 582 948 possidebit,
613 867 646 931 in
675 885 872 948 quacumque
902 866 987 930 orbis
1016 873 1107 948 parte
1136 867 1225 932 uelut
1247 869 1278 932 in
1300 887 1377 932 suae

201 970 358 1035 lOdomus
388 971 455 1034 iure
484 971 660 1036 succedens.
700 971 855 1051 quomodo
884 971 969 1035 enim
999 989 1060 1034 nou
1088 972 1272 1054 centuplum
1293 973 1377 1036 etsi

249 1075 366 1139 domini
389 1075 485 1139 nostri
508 1079 683 1140 sententiae
705 1074 878 1157 superadici
904 1075 1024 1157 aliquid
1047 1076 1094 1140 las
1116 1079 1165 1140 est
1185 1077 1258 1157 plus
1279 1093 1376 1156 quam
1398 1097 1413 1135 s

248 1178 429 1262 centuplum
453 1180 574 1260 recipit,
599 1181 653 1260 qui
676 1178 783 1243 decem
806 1179 856 1243 uel
879 1179 995 1260 uiginti
1017 1197 1177 1244 seruorum
1200 1179 1377 1244 ministeria

248 1281 345 1347 iulida
377 1287 409 1346 et
443 1285 590 1348 coacticia
623 1283 842 1365 derelinquens
865 1287 915 1346 tot
936 1285 1141 1365 ingenuorum
1163 1301 1200 1346 ac
1222 1283 1375 1346 nobilium

247 1389 414 1467 spontaneo
437 1387 569 1451 fulcitur
583 1385 755 1469 obsequio?
777 1387 859 1468 quod
874 1389 919 1451 ita
934 1406 1002 1451 esse.
1015 1388 1114 1452 etiam
1129 1389 1240 1451 uestris
1254 1388 1375 1468 experi-

247 1489 361 1553 mentis
391 1493 519 1571 probare
550 1491 705 1572 potuistis,
736 1491 790 1572 qui
819 1492 954 1573 singulis
985 1492 1127 1573 patribus
1157 1491 1375 1571 matribusque

247 1613 282 1658 ac
297 1592 441 1658 domibus
457 1594 625 1670 derelictis,
642 1595 816 1676 quamlibet
831 1595 940 1660 mundi
957 1599 1077 1677 partem
1093 1597 1217 1660 fueritis
1228 1595 1373 1676 ingressi,
1384 1618 1411 1656 ro

248 1699 353 1778 patres
375 1701 407 1762 et
430 1703 545 1764 matres
567 1700 740 1781 fratresque
763 1700 952 1773 innumeros,
976 1700 1082 1764 domos
1098 1718 1219 1781 quoque
1235 1701 1269 1762 et
1282 1715 1374 1780 agros

247 1820 412 1886 seruosque
444 1801 641 1868 fidelissimos
671 1803 787 1884 absque
818 1804 884 1867 ullo
913 1804 1136 1868 sollicitudinis
1166 1803 1274 1867 labore
1296 1820 1372 1865 con·

247 1906 379 1988 quiritis,
417 1907 471 1989 qni
509 1925 563 1972 uos
594 1914 630 1970 ut
668 1907 808 1988 proprios
845 1905 984 1972 dominos
1019 1910 1149 1972 summis
1185 1906 1370 1986 suscipiunt,

198 2007 488 2092 llamplectuntur‚
519 2011 635 2094 fouent,
667 2016 856 2076 uenerantur
884 2010 1007 2077 officiis.
1044 2015 1098 2076 sed
1128 2010 1196 2088 hoc,
1230 2009 1370 2090 inquam,

246 2115 345 2178 sancti
368 2113 542 2179 ministerio
566 2116 679 2179 merito
701 2134 737 2180 ac
758 2113 950 2178 fiducialiter
976 2114 1186 2196 perfruentur,
1208 2115 1262 2196 qui
1284 2113 1409 2195 priusrs

246 2215 279 2280 in
302 2217 486 2282 seruitutem
502 2218 709 2283 fraternitatis
725 2222 826 2282 semet
845 2221 927 2299 ipsos
941 2235 1058 2300 suaque
1072 2218 1179 2282 omnia
1193 2217 1372 2282 noluntaria

246 2321 408 2387 deuotione
437 2321 642 2388 subdiderint.
688 2322 837 2403 recipient
866 2323 950 2386 enim
980 2325 1151 2387 secundum
1184 2322 1370 2386 seutentiam

245 2424 362 2490 domini
384 2426 481 2490 libere
503 2427 535 2492 id
558 2429 638 2510 qnod
661 2427 722 2509 ipsi
744 2428 816 2491 aliis
837 2428 1062 2508 dependerunt.
1100 2426 1241 2510 quisquis
1263 2429 1370 2490 autem

246 2529 322 2594 haec
350 2529 530 2594 humilitate
560 2531 680 2596 sincera
710 2529 907 2596 consortibus
937 2531 1003 2596 suis
1032 2535 1105 2595 ante
1127 2549 1188 2595 non
1211 2529 1368 2605 detulerit,

245 2634 397 2715 quomodo
419 2635 532 2699 deferri
555 2636 614 2700 sibi
637 2635 677 2700 ab
700 2637 772 2701 aliis
793 2636 951 2719 patienter
973 2637 1132 2718 admittet,
1156 2654 1228 2701 eum
1242 2637 1408 2717 grauari„

245 2756 278 2801 se
301 2755 408 2803 eorum
429 2738 587 2819 obsequiis
603 2738 769 2822 intellegat
785 2740 888 2821 potius
903 2758 999 2821 quam
1014 2740 1123 2817 foueri,
1140 2740 1214 2821 quia
1228 2737 1368 2819 accipere

196 2835 376 2905 latronum
400 2843 524 2907 mauult
546 2861 639 2925 quarn
663 2843 792 2907 reddere
814 2843 1027 2908 famulatum?
1052 2843 1130 2907 baec
1145 2846 1250 2907 minen
1266 2840 1369 2904 omnia

245 2962 304 3010 non
335 2963 405 3010 cum
436 2948 566 3011 remissa
593 2946 759 3011 securitate
780 2965 838 3011 neo
860 2966 932 3011 cum
954 2947 1049 3012 inerti
1071 2945 1277 3011 oblectatione
1297 2962 1369 3028 per·

245 3046 348 3130 cipiet,
372 3050 425 3113 sed
448 3052 618 3115 secundum
639 3051 773 3116 uerbum
803 3052 921 3116 domini
944 3069 1016 3115 cnm
1038 3048 1315 3133 persecutionibus,
1338 3048 1370 3112 id

245 3152 293 3216 est
322 3170 391 3217 cnm
422 3152 574 3235 pressuris
605 3154 721 3219 saeculi
747 3153 840 3218 buius
862 3172 899 3219 ac
921 3156 1053 3218 summis
1076 3153 1245 3237 angoribus
1266 3152 1409 3235 passi-ss

244 3272 349 3340 onum,
373 3257 455 3341 quia,
475 3257 555 3323 sicut
579 3258 633 3323 ills
650 3257 899 3342 sapientissimus
914 3258 1120 3332 contestatur,
1142 3256 1210 3338 qui
1232 3255 1369 3319 suauis

243 3360 280 3423 et
315 3358 400 3425 sine
437 3362 573 3427 dolore
610 3367 673 3428 est
707 3364 747 3428 iu
782 3362 960 3446 egestate
993 3362 1081 3426 erit.
1121 3376 1252 3443 regnum
1286 3361 1369 3424 enim

243 3464 399 3530 caelorum
429 3485 490 3532 non
520 3466 651 3548 desides,
684 3486 745 3533 non
768 3467 901 3547 remissi,
930 3485 991 3531 non
1014 3464 1153 3549 delicati,
1176 3482 1236 3529 nou
1258 3462 1369 3539 teneri,

294 3696 385 3853 (Hip
404 3696 439 3751 er.
462 3696 512 3751 m.
539 3696 607 3764 ue
719 3696 753 3752 aa
780 3698 814 3752 er.
840 3696 922 3751 nse.
951 3698 993 3763 1o,
1019 3696 1055 3750 eo
1164 3695 1199 3751 ae
1225 3692 1301 3749 eros.
1329 3691 1371 3756 14,

242 3783 276 3839 23
378 3784 389 3852 )

294 3998 448 4068 lquisquis
464 3998 508 4053 Oo
592 3997 688 4051 dubis
708 3998 737 4051 F
819 3998 1016 4067 bnostrilnou
1034 3996 1065 4051 F
1146 3995 1232 4050 GXX
1249 3993 1304 4049 ΓΖ

242 4089 273 4139 11
293 4090 393 4154 etpost
404 4088 494 4154 patres
506 4100 556 4140 orn.
576 4084 646 4140 0er
733 4086 765 4139 12
783 4084 981 4139 sollicitudines
997 4084 1036 4137 F*
1124 4083 1156 4136 14
1173 4082 1371 4151 amplectantur

242 4171 268 4224 Z
351 4178 416 4225 ante
434 4172 483 4226 hoc
500 4172 533 4225 io
551 4171 581 4225 F
595 4186 664 4227 crae
683 4177 722 4225 cet
740 4176 792 4239 qui
884 4171 916 4225 19
934 4170 1035 4225 detulit
1056 4169 1106 4224 ΟΖ
1194 4168 1229 4222 20
1246 4167 1371 4223 admittit

240 4257 320 4312 ΕΟΖ
419 4258 451 4312 at
479 4258 551 4327 quia]
581 4258 627 4327 qui
654 4258 697 4311 Ze
799 4257 834 4310 Ὦ
859 4256 968 4311 reddere
990 4256 1031 4311 F:
1062 4257 1179 4325 accipere
1204 4254 1227 4309 0
1255 4254 1370 4322 recipcre

241 4343 268 4397 Ζ
294 4344 428 4400 deterreo
524 4345 558 4398 23
576 4344 676 4399 inhcrti
695 4344 732 4399 F¹
833 4345 866 4398 at
884 4345 1019 4413 ingestate
1035 4343 1066 4397 F
1156 4339 1299 4397 etenimO

240 4430 274 4485 28
292 4429 405 4500 deligati
423 4430 454 4485 F
