3009 5200
280 430 345 497 280
671 422 839 479 Iohannis
859 421 1014 477 Cassiani

281 616 530 699 supplicandum,
559 616 654 680 etiam
680 612 739 678 illo
766 611 852 677 besti
881 610 1044 677 Danihelis
1078 609 1224 675 donamur
1255 611 1409 693 exemplo,

281 721 364 804 qnod
385 720 549 785 exauditus
569 737 590 782 s
610 717 715 799 prima
736 716 787 780 die
809 732 872 797 qna
893 714 997 795 eoepit
1016 730 1104 777 orare
1124 716 1196 795 post
1218 713 1356 793 primum
1372 719 1409 779 ot

252 824 488 889 'luieensimnm
515 822 599 886 diem
624 818 825 901 consequitur
851 834 925 881 suso
946 816 1108 900 petitionis
1131 815 1286 883 ellectum
1322 818 1409 883 uude

280 946 338 994 nos
380 944 501 1008 qnoque
539 943 601 989 non
636 922 787 989 debemus
819 940 838 985 a
870 922 979 1003 coepta
1014 920 1192 986 orationum
1229 922 1409 986 nosbarunr

280 1030 454 1094 intentione
489 1046 620 1107 essem,
653 1028 681 1091 si
712 1044 769 1091 nos
805 1025 945 1091 exaudiri
980 1023 1102 1089 tardius
1137 1024 1333 1104 emsenmns,
1367 1044 1451 1097 nse

280 1133 362 1197 forte
392 1136 449 1198 sut
485 1130 694 1197 exauditionis
728 1128 833 1212 gratis
869 1127 1099 1209 dispensatione
1135 1126 1253 1193 domini
1285 1127 1412 1193 utiliter

280 1235 441 1301 differatur
460 1235 517 1299 aut
537 1234 668 1316 angelus
689 1232 832 1299 diuinum
856 1233 896 1297 ad
918 1249 973 1297 nos
1000 1230 1185 1297 bsnefioium
1207 1232 1366 1297 delaturus
1389 1252 1412 1299 a

280 1336 360 1403 loeis
396 1337 620 1419 omnipotentis
665 1352 806 1420 egressus
849 1336 1016 1401 resistente
1052 1334 1173 1400 diabolo
1213 1336 1410 1401 demoretur:

280 1460 373 1524 quem
397 1443 519 1505 eertum
532 1441 581 1504 est
596 1440 818 1503 transmissum
833 1438 970 1502 muneris
986 1437 1176 1503 desiderium
1190 1437 1329 1522 ingerere
1344 1457 1411 1504 non

281 1564 380 1631 pesae,
417 1545 445 1609 si
480 1561 537 1607 nos
572 1560 592 1607 s
625 1544 802 1625 propositae
846 1541 1010 1624 petitionis
1053 1542 1229 1607 intentione
1272 1560 1452 1616 muse„

281 1649 460 1733 reppererit
497 1649 579 1731 qnod
611 1647 707 1712 etim
738 1664 834 1729 supra
864 1646 948 1712 dioto
981 1646 1148 1728 propbetas
1174 1646 1283 1728 prooul
1310 1645 1410 1712 dubio

281 1753 418 1818 assidere
437 1751 603 1833 potuisset,
625 1749 688 1815 nisi
708 1749 830 1816 mrtuts
852 1750 1078 1831 inoonpmubili
1099 1749 1134 1813 in
1154 1752 1290 1832 primum
1312 1752 1411 1834 atque

282 1855 488 1924 uioensimnm
519 1855 603 1920 diem
635 1853 813 1920 orationum
849 1872 976 1919 suarum
1008 1854 1271 1935 perseuerantiam
1304 1857 1412 1935 proto.

254 1960 391 2027 8laseet.
429 1958 468 2023 ab
501 1958 594 2023 buius
625 1959 724 2043 igitur
755 1958 827 2023 fidei
860 1958 1047 2023 oonfidentia
1075 1956 1165 2023 nulla
1197 1958 1322 2040 penitus
1351 1957 1410 2023 do·

283 2064 457 2145 speratione
477 2062 669 2145 frangamur,
691 2080 765 2127 oum
787 2066 875 2127 orata
896 2064 1006 2127 nostn
1020 2078 1075 2125 noe
1091 2062 1263 2126 obtinuisse
1278 2061 1449 2131 minimam

282 2164 479 2242 senserimus,
509 2184 566 2231 neo
594 2164 788 2231 haesitemus
813 2182 907 2247 super
929 2164 1050 2230 domini
1072 2166 1236 2247 sponsione
1258 2165 1411 2231 dicentis:

282 2268 412 2335 omnis
433 2285 703 2351 quaecumque
722 2267 929 2351 petieritis
946 2268 986 2333 in
1001 2270 1183 2335 oratione
1203 2268 1410 2333 credentes

283 2372 505 2454 seoipietis.
549 2374 721 2437 retractare
756 2390 890 2455 namque
927 2390 984 2436 nos
1018 2372 1166 2437 conuenit
1201 2371 1289 2437 illam
1323 2372 1410 2436 besti

283 2474 494 2558 euangelistae
516 2475 665 2541 lobannis
685 2477 885 2558 sententiam,
907 2494 969 2558 qun
989 2474 1180 2559 ambiguitas
1204 2474 1297 2540 buius
1310 2493 1411 2555 qnae·

283 2579 394 2644 ottonis
436 2579 596 2646 euidenter
631 2579 819 2646 absoluitur:
857 2579 952 2644 haeo
987 2582 1065 2658 est,
1103 2580 1216 2663 inquit,
1257 2578 1450 2647 iidneiaso

283 2699 394 2765 qnam
422 2683 609 2750 babemus
639 2683 685 2748 sd
713 2702 817 2762 enm,
840 2685 932 2766 quis
953 2683 1148 2766 quidquid
1169 2684 1411 2766 petierimus

254 2787 494 2853 dasoundam
526 2788 784 2852 uoluntatem
815 2788 916 2869 eius,
946 2787 1061 2853 audit
1098 2805 1176 2854 nos.
1213 2805 1284 2872 ergo
1314 2805 1411 2870 super

284 2889 335 2953 bia
360 2893 486 2954 tantm
515 2892 641 2972 plenam
669 2909 724 2954 nos
751 2894 783 2954 et
811 2889 1056 2956 indubitabilem
1085 2890 1179 2958 iussit
1200 2889 1411 2957 exauditionis

283 2991 396 3056 babere
432 2990 588 3070 fiduciam,
625 3011 705 3076 quae
739 3012 802 3059 non
837 2994 952 3060 neonis
984 2995 1155 3062 eommodie
1190 3013 1251 3060 neo
1284 2993 1411 3060 sonnis

283 3094 517 3178 temporalibus,
547 3097 602 3162 sed
634 3095 753 3162 domini
787 3101 961 3182 congruunt
993 3098 1161 3164 uoluntati.
1197 3099 1279 3182 quod
1311 3098 1449 3166 etiamn

387 3301 403 3356 1
420 3302 455 3356 en
472 3303 540 3357 mn.
558 3303 600 3368 ιο,
617 3303 701 3372 seqq.
795 3305 827 3360 rs
845 3304 896 3360 us
914 3305 956 3370 21,
974 3304 1009 3358 os
1102 3303 1138 3360 oo
1154 3305 1169 3360 1
1186 3303 1246 3360 rou
1263 3304 1288 3370 b
1308 3305 1341 3360 14

337 3489 480 3544 ldanielis
495 3490 559 3546 WO
635 3491 822 3546 3nioesimum
833 3491 942 3549 D¹WO
1021 3494 1111 3548 ninia.
1124 3493 1152 3550 P
1226 3491 1291 3548 dab
1302 3493 1413 3560 indepta

288 3576 327 3632 W
350 3575 499 3644 aceepno
597 3576 764 3632 ldiferatur
787 3577 827 3632 W
918 3578 1149 3647 8omnipoteutes
1171 3579 1206 3632 V¹
1299 3577 1412 3632 diabulo

288 3661 341 3715 ΥΡ
438 3662 455 3716 9
477 3664 568 3733 quem]
585 3677 611 3731 q3
633 3663 675 3717 D¹
779 3665 939 3718 transmissa
958 3666 997 3722 W
1099 3665 1132 3719 10
1152 3665 1286 3734 proposita
1309 3663 1347 3719 W

284 3747 468 3803 oueareDW
486 3750 625 3804 masso
710 3751 743 3804 11
755 3754 907 3820 reppereret
921 3751 949 3806 V
1023 3753 1094 3822 prol.
1114 3752 1164 3807 VD
1243 3752 1276 3806 12
1288 3750 1413 3806 assedere

288 3833 409 3889 VD¹0P
503 3837 587 3905 adque
605 3833 655 3890 Π)
753 3837 786 3890 13
805 3837 960 3892 uicesimum
976 3835 1117 3896 D¹WOX
1207 3839 1297 3894 uioiso.
1316 3838 1344 3892 P

285 3920 319 3974 14
340 3919 401 3973 iidei
417 3935 468 3973 oea
495 3921 518 3975 0
619 3920 716 3991 disper.
733 3921 831 3978 DWP
931 3923 964 3977 15
987 3927 1063 3978 orata
1080 3926 1168 3990 (urata
1186 3923 1219 3990 V)
1236 3928 1330 3978 nostn
1350 3923 1411 3980 de

285 4005 404 4060 oratione
420 4009 514 4060 nostra
531 4007 564 4060 D
590 4009 678 4062 oratio
694 4012 789 4062 nostra
805 4008 834 4062 P
859 4009 1007 4064 orationem
1029 4013 1147 4064 nostram
1169 4007 1256 4065 WXo
1358 4025 1411 4066 uon

285 4091 379 4145 statim
404 4089 561 4148 obtenuisse
582 4095 653 4162 quod
675 4095 812 4161 possimus
835 4111 903 4150 aeus.
931 4097 971 4151 W
1073 4097 1103 4150 l'l
1131 4098 1279 4150 orationem
1307 4095 1343 4150 W

285 4177 320 4230 18
335 4179 474 4246 aoespietis
495 4179 522 4234 V
617 4181 649 4234 19
666 4181 721 4234 iob.
740 4197 836 4250 enang.
854 4179 947 4237 DWo
1042 4179 1184 4251 aoinqnid
1199 4181 1345 4238 VDWOP

285 4261 381 4400 {grith
406 4260 472 4320 VW
572 4265 607 4319 21
629 4265 757 4334 quioquid
778 4265 872 4322 WOX
972 4269 1007 4322 24
1027 4266 1151 4324 ddntiam
1173 4268 1204 4322 D
1305 4266 1411 4322 solatiis
