3009 5200
451 427 614 483 conlatio
635 428 716 495 xm,
736 429 845 483 16-17.
1146 432 1212 498 393

91 617 260 683 innumeris
282 620 383 684 modis
406 620 439 683 et
458 619 715 684 inscrutabilibus
736 620 797 683 uiis
820 620 913 683 deum
930 619 1063 683 salntem
1080 618 1208 683 humaui

90 722 209 803 generis
223 740 388 803 procurare
402 726 436 786 et
449 723 642 804 quorundam
657 723 782 803 quidem
797 723 969 787 uolentiuur
985 738 1022 786 aa
1034 720 1210 786 sitientium

91 841 214 889 uuraum
238 825 277 890 ad
299 825 448 890 maiorem
471 825 603 888 incitare
624 823 832 908 flagrantiam,
857 824 1005 907 quosdam
1022 842 1096 890 uero
1112 824 1208 889 etiam

89 927 227 991 nolentes
248 927 427 1010 inritesque
449 928 630 1009 conpellere,
658 932 690 992 et
711 944 794 993 nunc
823 928 950 1009 quidem
973 933 1013 993 ut
1030 929 1209 1011 inpleantur

72 1047 123 1091 aea
142 1048 224 1111 quae
246 1030 371 1095 utiliter
391 1050 411 1095 a
433 1030 524 1095 uobis
546 1031 720 1095 desiderata
741 1033 932 1115 perspexerit
953 1033 1110 1107 adiuuere,
1127 1052 1209 1097 nune

90 1149 160 1194 uero
191 1135 288 1197 etiam
320 1135 418 1217 ipsius
446 1136 546 1199 saneti
574 1134 720 1199 desiderii
750 1136 902 1217 inspirare
930 1136 1082 1217 principia
1103 1138 1135 1200 et
1157 1134 1208 1199 uel

89 1237 214 1301 inilium
247 1238 319 1302 boni
349 1237 449 1321 operis
480 1241 530 1303 uel
560 1240 825 1320 perseuerantiam
849 1240 1028 1303 condonare.
1067 1238 1138 1303 inde
1160 1234 1240 1301 esti

89 1343 164 1420 quod
188 1342 318 1404 orantes
338 1358 400 1404 non
421 1341 522 1409 solum
547 1346 752 1425 protectorem
776 1358 813 1405 ae
829 1345 1028 1418 saluatorem,
1043 1344 1095 1407 sed
1112 1342 1207 1405 etiam

87 1442 257 1507 adiutorem
281 1461 318 1508 ao
338 1449 547 1525 susceptorem
572 1444 732 1509 dominum
753 1444 990 1525 proclamamus.
1022 1444 1053 1508 in
1072 1460 1106 1508 eo
1122 1438 1206 1508 enim

61 1546 164 1626 equod
192 1547 281 1627 prior
309 1546 439 1611 aduocat
469 1554 500 1613 et
529 1549 710 1631 ignorantes
736 1566 792 1613 uos
815 1548 909 1629 alque
931 1548 1046 1614 inuitos
1069 1547 1208 1611 adtrahit

87 1652 121 1713 ad
143 1650 291 1724 salutem,
320 1654 476 1732 protector
503 1655 597 1734 utque
628 1652 766 1717 saluatur
795 1654 852 1730 est,
881 1651 915 1717 in
944 1670 979 1715 eo
1001 1652 1104 1715 autem
1128 1651 1206 1730 quod

88 1751 297 1817 adnitentibus
332 1754 421 1818 uobis
458 1772 548 1835 opem
584 1754 665 1819 ferre
701 1754 947 1837 refugientesque
984 1754 1139 1836 suscipere
1173 1770 1209 1816 ac

88 1855 208 1921 munire
232 1858 403 1932 consueuit,
426 1859 587 1939 susceptor
609 1876 645 1923 ae
670 1857 826 1940 refugium
850 1858 1039 1921 nominatur.
1078 1856 1209 1937 denique

89 1956 161 2021 bauo
176 1958 420 2039 dispensationis
435 1960 485 2026 dei
501 1961 709 2042 multiplicem
724 1959 909 2042 largitatem
924 1961 1032 2025 beatus
1048 1960 1209 2041 apostolus

61 2063 189 2125 amente
224 2063 419 2141 pertractans
452 2066 485 2127 et
517 2063 551 2125 iu
585 2063 741 2143 quoddam
774 2062 950 2127 inmensum
983 2063 1076 2143 atque
1108 2060 1208 2125 inter-

88 2164 236 2232 minabile
265 2166 394 2249 pietatis
422 2164 470 2231 dei
499 2166 627 2248 pelagus
658 2186 691 2231 se
719 2165 867 2232 inuidisse
890 2163 1079 2246 conspiciens
1104 2162 1207 2229 ercle·

89 2270 199 2335 munit:
217 2287 236 2335 o
251 2269 427 2335 altitude
447 2268 688 2340 diuitiarum
709 2268 936 2350 sapientiae
951 2275 990 2331 et
1005 2266 1207 2333 scientiae

90 2370 162 2437 deir
195 2387 307 2455 quam
338 2372 626 2439 inscrutabilia
655 2373 804 2437 iudicia
831 2370 892 2435 dei
921 2374 959 2435 ct
988 2369 1206 2451 inuestiga-

90 2474 190 2540 bilss
243 2476 331 2541 uiae
377 2476 473 2541 eius.
530 2475 622 2557 quis
669 2477 768 2541 enim
820 2472 1007 2556 cognouit
1050 2490 1223 2539 sensum?

63 2578 255 2646 ndominil
283 2576 375 2644 buius
398 2596 472 2660 ergo
495 2580 644 2646 scientiae
672 2576 918 2653 admirationem,
942 2594 1035 2659 quam
1056 2576 1112 2642 ille
1135 2570 1239 2642 talis3

89 2698 121 2744 aa
139 2685 252 2748 tentus
272 2681 414 2766 gentium
437 2682 589 2764 magister
610 2683 743 2764 expauit
768 2697 918 2746 euacuare
932 2680 1102 2756 conabitur,
1122 2679 1207 2761 quis-

89 2805 142 2867 que
186 2787 355 2852 crediderit
399 2788 485 2854 illiue
528 2786 768 2852 inaestimabilis
813 2785 916 2868 abyssi
959 2784 1207 2866 profunditatem

90 2888 224 2954 bumana
245 2889 366 2955 ratione
388 2908 420 2954 se
442 2907 530 2972 posse
550 2889 666 2956 metiri.
698 2907 771 2954 uam
796 2890 849 2970 qui
872 2887 1058 2968 adplenum
1082 2885 1206 2967 dispeu-

89 2991 221 3055 sationes
244 2991 303 3068 dei,
327 2991 440 3074 quibus
462 2994 597 3056 salutem
620 2992 653 3055 in
670 2990 848 3056 homiuibus
864 2999 1019 3074 operatur,
1036 2991 1087 3053 uel
1103 2988 1208 3052 mente

63 3097 242 3177 “macipare
271 3096 322 3161 uel
351 3095 499 3159 dlaserere
527 3116 559 3160 se
590 3112 679 3178 posse
708 3093 847 3176 confidit,
871 3094 979 3176 procul
1001 3093 1093 3158 dubio
1116 3091 1208 3172 iupu-

89 3216 182 3279 gnans
217 3199 405 3280 apostolicae
437 3198 609 3263 sententiae
642 3199 809 3262 ueritatem
842 3197 1025 3262 scrutabilia
1058 3213 1122 3260 esse
1157 3195 1206 3258 dei

186 3434 222 3490 17
237 3431 312 3487 Rom.
332 3434 372 3495 11,
390 3433 495 3488 eet-34

136 3655 386 3725 idemldr'riZO
481 3655 739 3721 arcumen:
769 3655 910 3722 (Μῶν
1004 3653 1208 3722 biraplantinm

91 3740 113 3794 0
216 3743 354 3801 δια».
378 3743 410 3798 Π
518 3743 637 3798 anobis
663 3744 770 3798 utiliter
796 3745 822 3799 T
921 3744 1089 3810 perspexerat
1112 3740 1142 3792 Π
1188 3790 1192 3800 ,

89 3829 259 3900 timpum
281 3831 310 3884 Σ
411 3831 475 3884 bet
491 3834 669 3899 snaeapterern
687 3830 764 3885 deum
783 3829 831 3888 0.
913 3829 1084 3884 liminatur
1100 3828 1139 3880 11¹

92 3915 119 3969 li
138 3917 324 3973 “duabu
344 3915 447 3970 muoz
475 3915 701 3983 meantum
729 3914 910 3986 innitentibus
933 3916 961 3966 Σ
1064 3915 1209 3984 fugientes

91 4015 136 4068 que
155 4003 211 4070 l'u
315 4003 539 4058 remunerem
643 4004 676 4058 18
699 4007 764 4060 aunt
782 4001 883 4058 iudicia
904 4001 978 4057 YOv
1080 4001 1134 4070 dei]
1151 4000 1210 4060 dua

89 4086 133 4142 On
215 4088 450 4157 iniuueatigabilea
467 4089 508 4142 2:
533 4088 583 4144 aed
599 4088 793 4155 criterium
811 4086 984 4157 umtigabiles
1071 4087 1105 4142 ᾗ
1122 4087 1208 4142 erade

92 4170 155 4226 Iar'nt
173 4174 215 4227 11¹
319 4174 531 4230 maentilnabn'las
552 4175 584 4226 Π
608 4174 805 4230 inextimabilis
822 4173 949 4230 abiasiO
1051 4173 1087 4228 23
1103 4173 1208 4242 diepen-

91 4258 197 4312 sationIs
219 4259 250 4312 Π
351 4261 386 4316 ib
407 4261 524 4316 ducrere
548 4261 586 4316 11¹
688 4261 725 4315 26
747 4260 868 4317 delesse
890 4260 966 4312 nu·
1049 4259 1148 4315 iudicia
1165 4260 1208 4316 dei
