3009 5200
272 421 315 484 44
661 420 826 476 Iohannis
843 420 1003 477 Cassiani

275 612 311 672 et
333 607 625 688 penetrabilior
644 608 749 673 omn-i
766 610 903 693 gladio
918 608 1088 691 ancipiti
1104 609 1144 673 et
1157 610 1397 694 pertingens

274 711 461 792 usquead
485 711 720 776 diuisionem
741 711 891 778 animae
913 730 958 778 ao
978 712 1162 796 spiritus,
1178 729 1397 795 eonpagum

274 829 489 894 quoquere
510 813 793 897 medullarum,
816 820 854 879 et
874 815 1077 880 disoretor
1099 815 1397 897 cogitationum

244 913 313 979 4et
335 913 606 981 intentionum
631 917 769 981 cordis.
808 917 919 1000 quibus
942 917 1195 983 manifestissime
1216 920 1398 986 deolsratur

276 1017 400 1082 nullam
423 1018 490 1082 sino
517 1019 713 1084 operareris
742 1019 848 1102 gratia
875 1020 1011 1102 perferte
1031 1038 1119 1104 posse
1139 1022 1193 1086 uel
1213 1021 1319 1103 perfioi
1341 1022 1397 1086 uel
1424 1047 1442 1085 e

277 1120 359 1184 stare
386 1122 543 1184 uirtutem
581 1126 615 1185 et
641 1123 687 1186 its
716 1125 781 1186 tam
809 1121 894 1188 beuti
916 1123 1036 1189 Antoni
1063 1141 1156 1206 quam
1177 1123 1397 1190 uniuersorum

275 1223 429 1288 sententia
459 1221 622 1288 definitum
655 1227 702 1290 est
736 1224 953 1290 discretionem
987 1244 1062 1307 esse,
1096 1245 1175 1310 quae
1208 1226 1268 1291 lino
1296 1226 1396 1308 gradu

275 1326 463 1408 intrepidum
479 1327 663 1392 mouaolrum
679 1330 828 1409 perduret
850 1329 997 1394 addeum
1012 1330 1247 1412 praedictasque
1262 1328 1396 1394 uirtutes

276 1429 390 1510 iugiter
412 1433 570 1494 eoueornet
593 1431 735 1512 inlaesas,
760 1451 831 1496 oum
854 1450 918 1514 qua
931 1432 971 1498 ad
986 1432 1260 1498 oonsummstionis
1275 1432 1397 1498 excelsa

275 1531 402 1613 fastigia
424 1533 543 1597 minore
565 1534 665 1613 possit
688 1534 874 1617 fatigatione
895 1537 1061 1600 oonsoandi
1082 1539 1114 1600 et
1136 1536 1202 1600 sius
1223 1554 1286 1618 qua
1299 1535 1440 1600 multius

276 1633 370 1698 etiam
404 1635 585 1717 propensius
613 1636 789 1702 laborantes
817 1637 1017 1719 perfeetionis
1044 1638 1242 1722 nequiuerint
1270 1639 1396 1703 eulmen

275 1735 445 1819 adtingere.
500 1737 641 1802 omnium
684 1755 818 1820 nomque
860 1740 1016 1805 uirtutum
1059 1740 1247 1825 generatrix,
1289 1741 1396 1806 eustos

274 1839 520 1922 moderatrixque
543 1840 687 1906 diseretio
710 1844 768 1906 est.

318 1958 355 2021 V.
389 1959 431 2023 lit
465 1963 501 2024 ut
533 1959 612 2024 hano
641 1961 770 2026 eundem
801 1961 1011 2027 definitionem
1045 1962 1263 2045 antiquitusa
1289 1965 1396 2028 saneto

275 2061 412 2126 dunno
440 2065 472 2126 et
493 2061 602 2126 oeteris
631 2065 770 2144 putribus
798 2064 1024 2148 promulgatam
1045 2083 1152 2131 reeens
1174 2083 1295 2148 quoque
1314 2067 1438 2132 sioutre

275 2164 474 2247 promisimus
490 2163 651 2229 eoufirmot
665 2165 849 2247 exemplum,
872 2167 999 2232 reoolita
1014 2167 1046 2232 id
1061 2169 1144 2252 quod
1158 2187 1257 2250 nuper
1269 2171 1396 2251 gestum

275 2266 434 2332 ooulorum
449 2268 624 2330 uestrorum
639 2266 762 2332 uidistis
776 2267 949 2348 obtutibus,
965 2287 1068 2334 senem
1079 2270 1227 2336 uidelioet
1237 2270 1395 2336 Heronem

275 2372 349 2434 ante
370 2386 484 2451 pannos
506 2369 672 2435 admodum
695 2369 760 2434 dies
781 2370 936 2435 inlusione
959 2371 1076 2437 diaboli
1098 2373 1265 2438 asummis
1279 2375 1317 2438 ad
1331 2375 1396 2438 ima

275 2471 440 2548 dommum,
463 2489 553 2553 quoru
570 2471 798 2554 quinquaginta
814 2474 904 2539 aunis
919 2475 952 2538 iu
968 2474 1027 2539 lrao
1040 2474 1165 2540 heromo
1180 2477 1395 2542 eoumoratum

275 2573 427 2658 n'nguluri
448 2575 642 2640 distriotious
664 2574 797 2659 rigorem
821 2577 1030 2641 sustinentiae
1044 2578 1181 2644 tenuisse
1196 2580 1437 2645 meminimusse

276 2679 308 2742 et
329 2677 506 2743 solitudinis
529 2680 650 2742 seurota
671 2678 757 2743 ultro
777 2696 882 2744 ornnes
905 2679 958 2743 hio
980 2684 1206 2747 eommorastos
1227 2680 1306 2747 niro
1333 2682 1395 2747 fer·

246 2782 348 2847 tuere
369 2782 535 2845 sertatum.
566 2779 625 2844 hio
640 2779 742 2862 igitur
762 2797 823 2862 quo
844 2783 933 2863 pasto
955 2800 1056 2864 queue
1073 2782 1194 2848 ratione
1208 2785 1278 2865 poet
1291 2786 1395 2850 tentos

274 2883 397 2948 labores
412 2881 652 2947 atinsidiatore
662 2881 789 2947 delusus
804 2883 988 2964 grauissimo
1003 2886 1394 2968 oonrueuslepsu·ouuotos

274 2988 309 3050 in
329 2986 387 3051 hro
402 2985 527 3049 heremo
542 2986 728 3049 eonstitutos
743 2983 886 3051 luetsroso
900 2985 1006 3053 dolore
1020 2990 1193 3068 pereussiti
1207 3006 1308 3054 noune
1322 2990 1396 3071 quia

275 3088 378 3152 miuus
415 3086 610 3152 diseretiouis
645 3088 762 3152 uirtute
795 3106 936 3170 possessa
967 3092 1031 3154 suia
1062 3089 1297 3157 delinitionibus-
1326 3092 1432 3174 regies

276 3206 368 3271 quem
405 3190 541 3255 consiliis
579 3190 630 3255 uel
667 3190 897 3256 conlationibus
941 3192 1076 3257 fratrum
1110 3195 1204 3272 atque
1239 3194 1395 3259 institutis

275 3295 431 3358 mulorum»
448 3294 559 3358 maluit
582 3293 722 3358 oboedire
729 3293 749 3357 i
769 3294 924 3375 siquidem
946 3296 1034 3359 tanto
1056 3295 1159 3376 rigore
1179 3295 1394 3361 inmutabilem

275 3395 383 3461 ieiunii
411 3395 634 3460 eontineutienr
664 3414 785 3478 semper
812 3398 947 3462 eruerit
976 3399 1009 3460 et
1038 3396 1216 3461 solitudinis
1239 3398 1396 3480 sellaeque

274 3502 319 3564 ita
346 3498 463 3581 iugiter
489 3499 611 3564 seurota
633 3500 773 3564 seotutus
797 3503 852 3576 est
881 3500 918 3565 ut
939 3500 978 3565 ab
999 3517 1034 3564 eo
1055 3498 1325 3583 participationem
1346 3500 1396 3567 iu·

275 3602 369 3668 eundi
405 3618 477 3666 oum
513 3600 708 3666 fraternitate
744 3600 881 3667 oouniuii
913 3620 951 3667 ne
983 3602 1141 3667 ueneratio
1177 3601 1302 3684 quidem
1334 3603 1431 3672 disier

246 3705 428 3787 3pasehelis
453 3705 616 3787 aliquando
640 3704 776 3786 potuerit
798 3704 946 3769 obtinere.
981 3703 1014 3767 iu
1036 3723 1099 3787 qua
1112 3704 1262 3771 fratribus
1277 3704 1395 3770 eunetis

326 3960 401 4029 3ao]
419 3965 448 4015 et
464 3960 515 4014 Xe
606 3958 747 4013 dnutouii
766 3956 824 4012 DX
913 3956 1083 4011 idifluitum
1100 3956 1132 4011 D
1216 3958 1271 4011 fixu
1287 3957 1330 4010 1)ι

276 4079 556 4135 sensimsensrm
652 4079 683 4133 re
695 4050 858 4147 genten>
950 4076 1073 4145 reexpre
1087 4076 1189 4143 (eron
1278 4076 1307 4130 ur
1323 4075 1397 4129 sour-

276 4164 406 4219 uitudiuis
426 4165 474 4221 W¹
577 4165 611 4220 22
632 4167 709 4233 peoto
733 4165 776 4220 D¹
877 4164 912 4217 24
934 4179 966 4216 so
987 4164 1033 4216 W¹
1135 4162 1264 4230 perculsit
1280 4162 1311 4215 D
1340 4177 1397 4231 per-

276 4249 383 4305 enlito
484 4251 518 4305 at
542 4250 719 4304 discretiones
737 4250 830 4305 19¹W¹
930 4249 966 4303 26
988 4248 1074 4318 adque
1094 4248 1132 4305 W
1232 4248 1265 4301 22
1289 4247 1398 4302 mallnit

281 4336 328 4393 W¹
432 4337 466 4389 30
483 4336 587 4391 ueretie
604 4337 643 4390 W
741 4336 773 4390 31
792 4334 904 4403 moralia
921 4333 951 4388 X
