<?xml version="1.0" encoding="UTF-8"?>
<!DOCTYPE html PUBLIC "-//W3C//DTD XHTML 1.0 Transitional//EN"
    "http://www.w3.org/TR/xhtml1/DTD/xhtml1-transitional.dtd">
<html xmlns="http://www.w3.org/1999/xhtml" xml:lang="en" lang="en">
 <head>
  <title>
</title>
<meta http-equiv="Content-Type" content="text/html;charset=utf-8" />
  <meta name='ocr-system' content='tesseract 3.04.00' />
  <meta name='ocr-capabilities' content='ocr_page ocr_carea ocr_par ocr_line ocrx_word'/>
</head>
<body>
  <div class='ocr_page' id='page_1' title='image "./corpusscriptoru14wiengoog_0509.png"; bbox 0 0 3009 5200; ppageno 0'>
   <div class='ocr_carea' id='block_1_1' title="bbox 503 342 1256 416">
    <p class='ocr_par' dir='ltr' id='par_1_1' title="bbox 503 342 1256 416">
     <span class='ocr_line' id='line_1_1' title="bbox 503 342 1256 416; baseline 0.021 -15"><span class='ocrx_word' id='word_1_1' title='bbox 503 342 665 401; x_wconf 77' lang='lat' dir='ltr'><strong>Oenlstie</strong></span> <span class='ocrx_word' id='word_1_2' title='bbox 684 345 779 413; x_wconf 79' lang='lat' dir='ltr'>XIIII,</span> <span class='ocrx_word' id='word_1_3' title='bbox 796 348 889 403; x_wconf 82' lang='lat'>9-11.</span> <span class='ocrx_word' id='word_1_4' title='bbox 1192 350 1256 416; x_wconf 82' lang='grc'><strong>411</strong></span> 
     </span>
    </p>
   </div>
   <div class='ocr_carea' id='block_1_2' title="bbox 24 532 1291 2884">
    <p class='ocr_par' dir='ltr' id='par_1_2' title="bbox 24 532 1291 2884">
     <span class='ocr_line' id='line_1_2' title="bbox 134 532 1257 617; baseline 0.002 -16"><span class='ocrx_word' id='word_1_5' title='bbox 134 534 320 601; x_wconf 85' lang='lat' dir='ltr'><strong>multitudo:</strong></span> <span class='ocrx_word' id='word_1_6' title='bbox 343 550 420 616; x_wconf 83' lang='lat' dir='ltr'><strong>ques</strong></span> <span class='ocrx_word' id='word_1_7' title='bbox 435 532 685 616; x_wconf 78' lang='lat' dir='ltr'><strong>propitiatorium</strong></span> <span class='ocrx_word' id='word_1_8' title='bbox 699 533 760 609; x_wconf 91' lang='lat' dir='ltr'><strong>dei,</strong></span> <span class='ocrx_word' id='word_1_9' title='bbox 783 533 815 601; x_wconf 93' lang='lat' dir='ltr'><strong>id</strong></span> <span class='ocrx_word' id='word_1_10' title='bbox 831 536 878 600; x_wconf 82' lang='lat' dir='ltr'><strong>est</strong></span> <span class='ocrx_word' id='word_1_11' title='bbox 893 533 1109 617; x_wconf 83' lang='lat' dir='ltr'><strong>plseiditatem</strong></span> <span class='ocrx_word' id='word_1_12' title='bbox 1123 536 1257 617; x_wconf 73' lang='lat' dir='ltr'><strong>pectoris</strong></span> 
     </span>
     <span class='ocr_line' id='line_1_3' title="bbox 134 636 1257 720; baseline 0.006 -19"><span class='ocrx_word' id='word_1_13' title='bbox 134 636 183 701; x_wconf 90' lang='lat' dir='ltr'><strong>tui</strong></span> <span class='ocrx_word' id='word_1_14' title='bbox 215 636 333 720; x_wconf 79' lang='lat' dir='ltr'><strong>iugiter</strong></span> <span class='ocrx_word' id='word_1_15' title='bbox 365 639 528 720; x_wconf 82' lang='lat' dir='ltr'><strong>protegent</strong></span> <span class='ocrx_word' id='word_1_16' title='bbox 560 637 592 703; x_wconf 82' lang='lat' dir='ltr'><strong>ei</strong></span> <span class='ocrx_word' id='word_1_17' title='bbox 621 654 640 701; x_wconf 83' lang='lat' dir='ltr'><strong>a</strong></span> <span class='ocrx_word' id='word_1_18' title='bbox 670 636 792 704; x_wconf 85' lang='lat' dir='ltr'><strong>eunetis</strong></span> <span class='ocrx_word' id='word_1_19' title='bbox 825 636 1016 720; x_wconf 70' lang='lat' dir='ltr'><strong>spiritalium</strong></span> <span class='ocrx_word' id='word_1_20' title='bbox 1049 636 1257 719; x_wconf 44' lang='lat' dir='ltr'><strong>wnequitiarum</strong></span> 
     </span>
     <span class='ocr_line' id='line_1_4' title="bbox 24 737 1257 814; baseline 0.004 -9"><span class='ocrx_word' id='word_1_21' title='bbox 24 811 25 814; x_wconf 48' lang='lat'>,</span> <span class='ocrx_word' id='word_1_22' title='bbox 133 739 311 807; x_wconf 87' lang='lat' dir='ltr'><strong>ineureibue</strong></span> <span class='ocrx_word' id='word_1_23' title='bbox 325 738 565 806; x_wconf 85' lang='lat' dir='ltr'><strong>obumbrebunt.</strong></span> <span class='ocrx_word' id='word_1_24' title='bbox 590 740 623 804; x_wconf 92' lang='lat' dir='ltr'><strong>et</strong></span> <span class='ocrx_word' id='word_1_25' title='bbox 644 737 691 803; x_wconf 88' lang='lat' dir='ltr'><strong>ite</strong></span> <span class='ocrx_word' id='word_1_26' title='bbox 712 754 800 805; x_wconf 89' lang='lat' dir='ltr'><strong>meus</strong></span> <span class='ocrx_word' id='word_1_27' title='bbox 823 742 878 805; x_wconf 84' lang='lat' dir='ltr'><strong>tue</strong></span> <span class='ocrx_word' id='word_1_28' title='bbox 899 756 960 805; x_wconf 91' lang='lat' dir='ltr'><strong>nen</strong></span> <span class='ocrx_word' id='word_1_29' title='bbox 983 740 1084 809; x_wconf 84' lang='lat' dir='ltr'><strong>solnm</strong></span> <span class='ocrx_word' id='word_1_30' title='bbox 1106 740 1257 810; x_wconf 73' lang='lat' dir='ltr'><strong>montom</strong></span> 
     </span>
     <span class='ocr_line' id='line_1_5' title="bbox 24 835 1260 926; baseline 0.004 -18"><span class='ocrx_word' id='word_1_31' title='bbox 24 835 25 908; x_wconf 69' lang='lat' dir='ltr'><strong>l</strong></span> <span class='ocrx_word' id='word_1_32' title='bbox 134 841 235 909; x_wconf 77' lang='lat' dir='ltr'><strong>einim</strong></span> <span class='ocrx_word' id='word_1_33' title='bbox 258 842 447 918; x_wconf 73' lang='lat' dir='ltr'><strong>testamenti,</strong></span> <span class='ocrx_word' id='word_1_34' title='bbox 469 860 578 908; x_wconf 88' lang='lat' dir='ltr'><strong>nerum</strong></span> <span class='ocrx_word' id='word_1_35' title='bbox 600 841 698 908; x_wconf 84' lang='lat' dir='ltr'><strong>etiem</strong></span> <span class='ocrx_word' id='word_1_36' title='bbox 715 842 749 907; x_wconf 95' lang='lat' dir='ltr'><strong>in</strong></span> <span class='ocrx_word' id='word_1_37' title='bbox 764 858 896 924; x_wconf 83' lang='lat' dir='ltr'><strong>regnum</strong></span> <span class='ocrx_word' id='word_1_38' title='bbox 909 842 1100 909; x_wconf 83' lang='lat' dir='ltr'><strong>ssoerdotale</strong></span> <span class='ocrx_word' id='word_1_39' title='bbox 1114 848 1260 926; x_wconf 81' lang='lat' dir='ltr'><strong>pronnoto</strong></span> 
     </span>
     <span class='ocr_line' id='line_1_6' title="bbox 24 943 1260 1029; baseline 0.001 -15"><span class='ocrx_word' id='word_1_40' title='bbox 24 987 25 1014; x_wconf 73' lang='lat'><em>2</em></span> <span class='ocrx_word' id='word_1_41' title='bbox 110 965 188 1029; x_wconf 77' lang='lat' dir='ltr'><strong>sper</strong></span> <span class='ocrx_word' id='word_1_42' title='bbox 223 944 472 1011; x_wconf 75' lang='lat' dir='ltr'><strong>indissolubilem</strong></span> <span class='ocrx_word' id='word_1_43' title='bbox 507 944 654 1027; x_wconf 85' lang='lat' dir='ltr'><strong>puritatis</strong></span> <span class='ocrx_word' id='word_1_44' title='bbox 688 944 837 1013; x_wconf 73' lang='lat' dir='ltr'><strong>effectum</strong></span> <span class='ocrx_word' id='word_1_45' title='bbox 873 943 1098 1027; x_wconf 84' lang='lat' dir='ltr'><strong>quodammode</strong></span> <span class='ocrx_word' id='word_1_46' title='bbox 1134 946 1260 1015; x_wconf 74' lang='lat' dir='ltr'><strong>neuere</strong></span> 
     </span>
     <span class='ocr_line' id='line_1_7' title="bbox 131 1045 1258 1131; baseline 0.004 -18"><span class='ocrx_word' id='word_1_47' title='bbox 131 1047 329 1131; x_wconf 70' lang='lat' dir='ltr'><strong>spiritalibus</strong></span> <span class='ocrx_word' id='word_1_48' title='bbox 364 1046 537 1129; x_wconf 78' lang='lat' dir='ltr'><strong>dieeipllure</strong></span> <span class='ocrx_word' id='word_1_49' title='bbox 575 1047 655 1115; x_wconf 88' lang='lat' dir='ltr'><strong>illud</strong></span> <span class='ocrx_word' id='word_1_50' title='bbox 688 1046 822 1129; x_wconf 77' lang='lat' dir='ltr'><strong>inplebit</strong></span> <span class='ocrx_word' id='word_1_51' title='bbox 854 1045 1031 1129; x_wconf 74' lang='lat' dir='ltr'><strong>pontificale</strong></span> <span class='ocrx_word' id='word_1_52' title='bbox 1064 1048 1258 1127; x_wconf 70' lang='lat' dir='ltr'><strong>nunonem,</strong></span> 
     </span>
     <span class='ocr_line' id='line_1_8' title="bbox 24 1150 1258 1234; baseline 0.002 -20"><span class='ocrx_word' id='word_1_53' title='bbox 24 1177 25 1230; x_wconf 77' lang='lat' dir='ltr'>j</span> <span class='ocrx_word' id='word_1_54' title='bbox 131 1154 216 1233; x_wconf 75' lang='lat' dir='ltr'><strong>gued</strong></span> <span class='ocrx_word' id='word_1_55' title='bbox 253 1168 272 1215; x_wconf 89' lang='lat' dir='ltr'><strong>a</strong></span> <span class='ocrx_word' id='word_1_56' title='bbox 307 1150 484 1234; x_wconf 80' lang='lat' dir='ltr'><strong>legislatore</strong></span> <span class='ocrx_word' id='word_1_57' title='bbox 519 1150 566 1216; x_wconf 86' lang='lat' dir='ltr'><strong>ita</strong></span> <span class='ocrx_word' id='word_1_58' title='bbox 602 1150 806 1232; x_wconf 84' lang='lat' dir='ltr'><strong>praeeipiturr</strong></span> <span class='ocrx_word' id='word_1_59' title='bbox 844 1152 882 1215; x_wconf 88' lang='lat' dir='ltr'><strong>et</strong></span> <span class='ocrx_word' id='word_1_60' title='bbox 914 1150 957 1215; x_wconf 88' lang='lat' dir='ltr'><strong>ds</strong></span> <span class='ocrx_word' id='word_1_61' title='bbox 987 1152 1147 1217; x_wconf 85' lang='lat' dir='ltr'><strong>sanetis</strong></span> <span class='ocrx_word' id='word_1_62' title='bbox 1183 1169 1258 1217; x_wconf 92' lang='lat' dir='ltr'><strong>nen</strong></span> 
     </span>
     <span class='ocr_line' id='line_1_9' title="bbox 24 1252 1259 1338; baseline -0.001 -18"><span class='ocrx_word' id='word_1_63' title='bbox 24 1261 25 1296; x_wconf 62' lang='lat' dir='ltr'><strong>l</strong></span> <span class='ocrx_word' id='word_1_64' title='bbox 132 1253 379 1338; x_wconf 87' lang='lat' dir='ltr'><strong>egredietur,</strong></span> <span class='ocrx_word' id='word_1_65' title='bbox 409 1271 453 1319; x_wconf 90' lang='lat' dir='ltr'><strong>ne</strong></span> <span class='ocrx_word' id='word_1_66' title='bbox 481 1252 638 1336; x_wconf 87' lang='lat' dir='ltr'><strong>polluet</strong></span> <span class='ocrx_word' id='word_1_67' title='bbox 666 1253 934 1323; x_wconf 74' lang='lat' dir='ltr'><strong>panetiarium</strong></span> <span class='ocrx_word' id='word_1_68' title='bbox 961 1254 1038 1331; x_wconf 84' lang='lat' dir='ltr'><strong>dei,</strong></span> <span class='ocrx_word' id='word_1_69' title='bbox 1068 1252 1178 1319; x_wconf 86' lang='lat' dir='ltr'><strong>idest</strong></span> <span class='ocrx_word' id='word_1_70' title='bbox 1206 1270 1259 1323; x_wconf 88' lang='lat' dir='ltr'><strong>nor</strong></span> 
     </span>
     <span class='ocr_line' id='line_1_10' title="bbox 24 1354 1259 1452; baseline -0.001 -30"><span class='ocrx_word' id='word_1_71' title='bbox 24 1359 25 1452; x_wconf 67' lang='lat' dir='ltr'><strong>l</strong></span> <span class='ocrx_word' id='word_1_72' title='bbox 130 1375 236 1434; x_wconf 86' lang='lat' dir='ltr'><strong>sunm,</strong></span> <span class='ocrx_word' id='word_1_73' title='bbox 269 1357 302 1421; x_wconf 92' lang='lat' dir='ltr'><strong>iu</strong></span> <span class='ocrx_word' id='word_1_74' title='bbox 334 1374 395 1439; x_wconf 82' lang='lat' dir='ltr'><strong>qne</strong></span> <span class='ocrx_word' id='word_1_75' title='bbox 427 1356 542 1439; x_wconf 86' lang='lat' dir='ltr'><strong>iugiter</strong></span> <span class='ocrx_word' id='word_1_76' title='bbox 571 1355 789 1423; x_wconf 72' lang='lat' dir='ltr'><strong>habitaturum</strong></span> <span class='ocrx_word' id='word_1_77' title='bbox 821 1373 854 1421; x_wconf 91' lang='lat' dir='ltr'><strong>se</strong></span> <span class='ocrx_word' id='word_1_78' title='bbox 889 1354 1033 1424; x_wconf 84' lang='lat' dir='ltr'><strong>dominus</strong></span> <span class='ocrx_word' id='word_1_79' title='bbox 1067 1356 1259 1437; x_wconf 71' lang='lat' dir='ltr'><strong>reprenderit</strong></span> 
     </span>
     <span class='ocr_line' id='line_1_11' title="bbox 99 1458 1257 1531; baseline -0.004 -3.304"><span class='ocrx_word' id='word_1_80' title='bbox 99 1460 254 1527; x_wconf 77' lang='lat' dir='ltr'><strong>odiosus:</strong></span> <span class='ocrx_word' id='word_1_81' title='bbox 283 1458 520 1526; x_wconf 74' lang='lat' dir='ltr'><strong>inhabitabo</strong></span> <span class='ocrx_word' id='word_1_82' title='bbox 551 1461 587 1525; x_wconf 92' lang='lat' dir='ltr'><strong>in</strong></span> <span class='ocrx_word' id='word_1_83' title='bbox 619 1458 674 1523; x_wconf 90' lang='lat' dir='ltr'><strong>eis</strong></span> <span class='ocrx_word' id='word_1_84' title='bbox 705 1459 743 1525; x_wconf 89' lang='lat' dir='ltr'><strong>et</strong></span> <span class='ocrx_word' id='word_1_85' title='bbox 770 1458 878 1523; x_wconf 87' lang='lat' dir='ltr'><strong>inter</strong></span> <span class='ocrx_word' id='word_1_86' title='bbox 907 1458 1003 1523; x_wconf 88' lang='lat' dir='ltr'><strong>illes</strong></span> <span class='ocrx_word' id='word_1_87' title='bbox 1037 1458 1257 1531; x_wconf 79' lang='lat' dir='ltr'><strong>ambulabo.</strong></span> 
     </span>
     <span class='ocr_line' id='line_1_12' title="bbox 131 1561 1291 1645; baseline 0.006 -18.409"><span class='ocrx_word' id='word_1_88' title='bbox 131 1561 336 1643; x_wconf 85' lang='lat' dir='ltr'><strong>quamebrem</strong></span> <span class='ocrx_word' id='word_1_89' title='bbox 357 1562 525 1645; x_wconf 74' lang='lat' dir='ltr'><strong>diligenter</strong></span> <span class='ocrx_word' id='word_1_90' title='bbox 548 1563 717 1629; x_wconf 80' lang='lat' dir='ltr'><strong>memorien</strong></span> <span class='ocrx_word' id='word_1_91' title='bbox 743 1562 976 1633; x_wconf 77' lang='lat' dir='ltr'><strong>commendanda</strong></span> <span class='ocrx_word' id='word_1_92' title='bbox 1002 1566 1049 1629; x_wconf 91' lang='lat' dir='ltr'><strong>est</strong></span> <span class='ocrx_word' id='word_1_93' title='bbox 1071 1566 1103 1630; x_wconf 87' lang='lat' dir='ltr'><strong>et</strong></span> <span class='ocrx_word' id='word_1_94' title='bbox 1124 1562 1291 1633; x_wconf 78' lang='lat' dir='ltr'><strong>nesse-4</strong></span> 
     </span>
     <span class='ocr_line' id='line_1_13' title="bbox 24 1663 1258 1747; baseline 0.005 -18"><span class='ocrx_word' id='word_1_95' title='bbox 24 1677 25 1704; x_wconf 73' lang='lat'>³</span> <span class='ocrx_word' id='word_1_96' title='bbox 130 1663 245 1731; x_wconf 87' lang='lat' dir='ltr'><strong>biliter</strong></span> <span class='ocrx_word' id='word_1_97' title='bbox 266 1667 453 1734; x_wconf 83' lang='lat' dir='ltr'><strong>recensendo</strong></span> <span class='ocrx_word' id='word_1_98' title='bbox 474 1684 633 1735; x_wconf 86' lang='lat' dir='ltr'><strong>seerernm</strong></span> <span class='ocrx_word' id='word_1_99' title='bbox 654 1665 749 1732; x_wconf 86' lang='lat' dir='ltr'><strong>series</strong></span> <span class='ocrx_word' id='word_1_100' title='bbox 773 1666 1006 1747; x_wconf 83' lang='lat' dir='ltr'><strong>seripturarum.</strong></span> <span class='ocrx_word' id='word_1_101' title='bbox 1045 1666 1121 1733; x_wconf 75' lang='lat' dir='ltr'><strong>haee</strong></span> <span class='ocrx_word' id='word_1_102' title='bbox 1142 1666 1258 1737; x_wconf 83' lang='lat' dir='ltr'><strong>etenim</strong></span> 
     </span>
     <span class='ocr_line' id='line_1_14' title="bbox 24 1763 1259 1854; baseline 0.002 -21"><span class='ocrx_word' id='word_1_103' title='bbox 24 1763 25 1790; x_wconf 66' lang='lat'>¹</span> <span class='ocrx_word' id='word_1_104' title='bbox 130 1768 347 1835; x_wconf 75' lang='lat' dir='ltr'><strong>meditationis</strong></span> <span class='ocrx_word' id='word_1_105' title='bbox 367 1770 483 1851; x_wconf 84' lang='lat' dir='ltr'><strong>iugiteo</strong></span> <span class='ocrx_word' id='word_1_106' title='bbox 505 1770 663 1852; x_wconf 86' lang='lat' dir='ltr'><strong>duplieem</strong></span> <span class='ocrx_word' id='word_1_107' title='bbox 684 1770 774 1836; x_wconf 84' lang='lat' dir='ltr'><strong>nobis</strong></span> <span class='ocrx_word' id='word_1_108' title='bbox 788 1768 926 1836; x_wconf 74' lang='lat' dir='ltr'><strong>uenderet</strong></span> <span class='ocrx_word' id='word_1_109' title='bbox 944 1769 1098 1837; x_wconf 82' lang='lat' dir='ltr'><strong>iruetnm:</strong></span> <span class='ocrx_word' id='word_1_110' title='bbox 1122 1771 1259 1854; x_wconf 89' lang='lat' dir='ltr'><strong>primum</strong></span> 
     </span>
     <span class='ocr_line' id='line_1_15' title="bbox 130 1871 1260 1956; baseline -0.002 -19"><span class='ocrx_word' id='word_1_111' title='bbox 130 1872 226 1953; x_wconf 77' lang='lat' dir='ltr'><strong>qnod,</strong></span> <span class='ocrx_word' id='word_1_112' title='bbox 263 1873 339 1940; x_wconf 86' lang='lat' dir='ltr'><strong>dum</strong></span> <span class='ocrx_word' id='word_1_113' title='bbox 372 1873 406 1937; x_wconf 90' lang='lat' dir='ltr'><strong>in</strong></span> <span class='ocrx_word' id='word_1_114' title='bbox 439 1871 577 1955; x_wconf 83' lang='lat' dir='ltr'><strong>legendis</strong></span> <span class='ocrx_word' id='word_1_115' title='bbox 612 1890 649 1940; x_wconf 91' lang='lat' dir='ltr'><strong>ee</strong></span> <span class='ocrx_word' id='word_1_116' title='bbox 686 1872 832 1955; x_wconf 80' lang='lat' dir='ltr'><strong>potandis</strong></span> <span class='ocrx_word' id='word_1_117' title='bbox 869 1872 1054 1941; x_wconf 76' lang='lat' dir='ltr'><strong>leodeninus</strong></span> <span class='ocrx_word' id='word_1_118' title='bbox 1091 1874 1260 1956; x_wconf 85' lang='lat' dir='ltr'><strong>oeeupetnr</strong></span> 
     </span>
     <span class='ocr_line' id='line_1_16' title="bbox 100 1975 1259 2057; baseline -0.002 -14.123"><span class='ocrx_word' id='word_1_119' title='bbox 100 1976 251 2045; x_wconf 76' lang='lat' dir='ltr'><strong>renuentis</strong></span> <span class='ocrx_word' id='word_1_120' title='bbox 272 1975 416 2050; x_wconf 85' lang='lat' dir='ltr'><strong>intentio,</strong></span> <span class='ocrx_word' id='word_1_121' title='bbox 446 1993 572 2044; x_wconf 85' lang='lat' dir='ltr'><strong>neeesse</strong></span> <span class='ocrx_word' id='word_1_122' title='bbox 601 1979 649 2041; x_wconf 85' lang='lat' dir='ltr'><strong>est</strong></span> <span class='ocrx_word' id='word_1_123' title='bbox 670 1979 706 2041; x_wconf 91' lang='lat' dir='ltr'><strong>ut</strong></span> <span class='ocrx_word' id='word_1_124' title='bbox 728 1976 824 2043; x_wconf 89' lang='lat' dir='ltr'><strong>nullis</strong></span> <span class='ocrx_word' id='word_1_125' title='bbox 850 1976 1011 2044; x_wconf 86' lang='lat' dir='ltr'><strong>noxiarum</strong></span> <span class='ocrx_word' id='word_1_126' title='bbox 1035 1975 1259 2057; x_wconf 78' lang='lat' dir='ltr'><strong>cogitationum</strong></span> 
     </span>
     <span class='ocr_line' id='line_1_17' title="bbox 24 2077 1260 2165; baseline 0 -22"><span class='ocrx_word' id='word_1_127' title='bbox 24 2077 25 2114; x_wconf 57' lang='lat' dir='ltr'><strong>r</strong></span> <span class='ocrx_word' id='word_1_128' title='bbox 131 2078 255 2159; x_wconf 85' lang='lat' dir='ltr'><strong>laqueis</strong></span> <span class='ocrx_word' id='word_1_129' title='bbox 276 2080 468 2161; x_wconf 82' lang='lat' dir='ltr'><strong>eaptiuetnr:</strong></span> <span class='ocrx_word' id='word_1_130' title='bbox 492 2080 603 2147; x_wconf 90' lang='lat' dir='ltr'><strong>deinde</strong></span> <span class='ocrx_word' id='word_1_131' title='bbox 617 2082 701 2163; x_wconf 83' lang='lat' dir='ltr'><strong>qued</strong></span> <span class='ocrx_word' id='word_1_132' title='bbox 715 2098 763 2165; x_wconf 83' lang='lat' dir='ltr'><strong>ea,</strong></span> <span class='ocrx_word' id='word_1_133' title='bbox 782 2096 860 2163; x_wconf 82' lang='lat' dir='ltr'><strong>pune</strong></span> <span class='ocrx_word' id='word_1_134' title='bbox 876 2081 1061 2147; x_wconf 86' lang='lat' dir='ltr'><strong>ereberrime</strong></span> <span class='ocrx_word' id='word_1_135' title='bbox 1075 2078 1260 2161; x_wconf 87' lang='lat' dir='ltr'><strong>repetitione</strong></span> 
     </span>
     <span class='ocr_line' id='line_1_18' title="bbox 131 2181 1258 2263; baseline -0.001 -19.087"><span class='ocrx_word' id='word_1_136' title='bbox 131 2198 291 2263; x_wconf 82' lang='lat' dir='ltr'><strong>perennes,</strong></span> <span class='ocrx_word' id='word_1_137' title='bbox 325 2184 398 2249; x_wconf 86' lang='lat' dir='ltr'><strong>dum</strong></span> <span class='ocrx_word' id='word_1_138' title='bbox 431 2183 600 2250; x_wconf 84' lang='lat' dir='ltr'><strong>memoriae</strong></span> <span class='ocrx_word' id='word_1_139' title='bbox 632 2182 754 2251; x_wconf 85' lang='lat' dir='ltr'><strong>tradere</strong></span> <span class='ocrx_word' id='word_1_140' title='bbox 789 2182 977 2259; x_wconf 73' lang='lat' dir='ltr'><strong>laboramus,</strong></span> <span class='ocrx_word' id='word_1_141' title='bbox 1011 2182 1192 2262; x_wconf 81' lang='lat' dir='ltr'><strong>intellegere</strong></span> <span class='ocrx_word' id='word_1_142' title='bbox 1225 2181 1258 2244; x_wconf 89' lang='lat' dir='ltr'><strong>id</strong></span> 
     </span>
     <span class='ocr_line' id='line_1_19' title="bbox 131 2282 1259 2368; baseline 0.006 -21.394"><span class='ocrx_word' id='word_1_143' title='bbox 131 2282 283 2364; x_wconf 85' lang='lat' dir='ltr'><strong>temporis</strong></span> <span class='ocrx_word' id='word_1_144' title='bbox 316 2285 455 2367; x_wconf 78' lang='lat' dir='ltr'><strong>obligato</strong></span> <span class='ocrx_word' id='word_1_145' title='bbox 486 2291 591 2352; x_wconf 83' lang='lat' dir='ltr'><strong>mente</strong></span> <span class='ocrx_word' id='word_1_146' title='bbox 623 2304 684 2351; x_wconf 91' lang='lat' dir='ltr'><strong>non</strong></span> <span class='ocrx_word' id='word_1_147' title='bbox 713 2285 882 2367; x_wconf 75' lang='lat' dir='ltr'><strong>guielmus,</strong></span> <span class='ocrx_word' id='word_1_148' title='bbox 916 2288 1022 2368; x_wconf 83' lang='lat' dir='ltr'><strong>postea</strong></span> <span class='ocrx_word' id='word_1_149' title='bbox 1051 2285 1091 2351; x_wconf 87' lang='lat' dir='ltr'><strong>eb</strong></span> <span class='ocrx_word' id='word_1_150' title='bbox 1121 2286 1259 2353; x_wconf 76' lang='lat' dir='ltr'><strong>ommim</strong></span> 
     </span>
     <span class='ocr_line' id='line_1_20' title="bbox 131 2386 1262 2471; baseline 0.002 -20"><span class='ocrx_word' id='word_1_151' title='bbox 131 2386 260 2451; x_wconf 72' lang='lat' dir='ltr'><strong>totunm</strong></span> <span class='ocrx_word' id='word_1_152' title='bbox 282 2404 319 2453; x_wconf 90' lang='lat' dir='ltr'><strong>ee</strong></span> <span class='ocrx_word' id='word_1_153' title='bbox 341 2387 498 2456; x_wconf 88' lang='lat' dir='ltr'><strong>nisienum</strong></span> <span class='ocrx_word' id='word_1_154' title='bbox 521 2387 685 2455; x_wconf 79' lang='lat' dir='ltr'><strong>intenebris</strong></span> <span class='ocrx_word' id='word_1_155' title='bbox 711 2386 848 2456; x_wconf 86' lang='lat' dir='ltr'><strong>absoluti</strong></span> <span class='ocrx_word' id='word_1_156' title='bbox 869 2386 1093 2471; x_wconf 78' lang='lat' dir='ltr'><strong>pneedpneqne</strong></span> <span class='ocrx_word' id='word_1_157' title='bbox 1107 2388 1262 2455; x_wconf 83' lang='lat' dir='ltr'><strong>noeturna</strong></span> 
     </span>
     <span class='ocr_line' id='line_1_21' title="bbox 24 2487 1256 2569; baseline 0.003 -16"><span class='ocrx_word' id='word_1_158' title='bbox 24 2505 25 2522; x_wconf 61' lang='lat'>¹</span> <span class='ocrx_word' id='word_1_159' title='bbox 100 2487 339 2561; x_wconf 64' lang='lat' dir='ltr'><strong>„meditetione</strong></span> <span class='ocrx_word' id='word_1_160' title='bbox 360 2491 448 2557; x_wconf 87' lang='lat' dir='ltr'><strong>teeiti</strong></span> <span class='ocrx_word' id='word_1_161' title='bbox 470 2491 669 2560; x_wconf 86' lang='lat' dir='ltr'><strong>reuoluentoe</strong></span> <span class='ocrx_word' id='word_1_162' title='bbox 691 2492 805 2557; x_wconf 87' lang='lat' dir='ltr'><strong>elarius</strong></span> <span class='ocrx_word' id='word_1_163' title='bbox 827 2490 995 2569; x_wconf 86' lang='lat' dir='ltr'><strong>intuemur,</strong></span> <span class='ocrx_word' id='word_1_164' title='bbox 1018 2492 1064 2555; x_wconf 88' lang='lat' dir='ltr'><strong>ite</strong></span> <span class='ocrx_word' id='word_1_165' title='bbox 1085 2492 1122 2555; x_wconf 90' lang='lat' dir='ltr'><strong>nt</strong></span> <span class='ocrx_word' id='word_1_166' title='bbox 1153 2490 1256 2557; x_wconf 90' lang='lat' dir='ltr'><strong>oeeul·</strong></span> 
     </span>
     <span class='ocr_line' id='line_1_22' title="bbox 133 2592 1258 2678; baseline 0.004 -22"><span class='ocrx_word' id='word_1_167' title='bbox 133 2592 331 2660; x_wconf 88' lang='lat' dir='ltr'><strong>tiesimernm</strong></span> <span class='ocrx_word' id='word_1_168' title='bbox 354 2613 509 2678; x_wconf 85' lang='lat' dir='ltr'><strong>sensuum,</strong></span> <span class='ocrx_word' id='word_1_169' title='bbox 533 2607 609 2678; x_wconf 79' lang='lat' dir='ltr'><strong>qnos</strong></span> <span class='ocrx_word' id='word_1_170' title='bbox 633 2615 671 2661; x_wconf 91' lang='lat' dir='ltr'><strong>ne</strong></span> <span class='ocrx_word' id='word_1_171' title='bbox 693 2596 780 2662; x_wconf 75' lang='lat' dir='ltr'><strong>teum</strong></span> <span class='ocrx_word' id='word_1_172' title='bbox 797 2595 921 2678; x_wconf 89' lang='lat' dir='ltr'><strong>quidem</strong></span> <span class='ocrx_word' id='word_1_173' title='bbox 937 2594 1107 2677; x_wconf 82' lang='lat' dir='ltr'><strong>uigilantes</strong></span> <span class='ocrx_word' id='word_1_174' title='bbox 1123 2592 1258 2676; x_wconf 86' lang='lat' dir='ltr'><strong>epineti·</strong></span> 
     </span>
     <span class='ocr_line' id='line_1_23' title="bbox 132 2696 1260 2781; baseline 0.003 -22"><span class='ocrx_word' id='word_1_175' title='bbox 132 2712 192 2760; x_wconf 92' lang='lat' dir='ltr'><strong>one</strong></span> <span class='ocrx_word' id='word_1_176' title='bbox 213 2696 418 2780; x_wconf 79' lang='lat' dir='ltr'><strong>percepimus,</strong></span> <span class='ocrx_word' id='word_1_177' title='bbox 447 2697 680 2780; x_wconf 79' lang='lat' dir='ltr'><strong>quiessentibns</strong></span> <span class='ocrx_word' id='word_1_178' title='bbox 707 2697 798 2764; x_wconf 87' lang='lat' dir='ltr'><strong>nobis</strong></span> <span class='ocrx_word' id='word_1_179' title='bbox 821 2703 852 2764; x_wconf 92' lang='lat' dir='ltr'><strong>et</strong></span> <span class='ocrx_word' id='word_1_180' title='bbox 875 2699 962 2764; x_wconf 89' lang='lat' dir='ltr'><strong>uelut</strong></span> <span class='ocrx_word' id='word_1_181' title='bbox 984 2697 1103 2781; x_wconf 85' lang='lat' dir='ltr'><strong>soporis</strong></span> <span class='ocrx_word' id='word_1_182' title='bbox 1132 2702 1260 2779; x_wconf 84' lang='lat' dir='ltr'><strong>stupore</strong></span> 
     </span>
     <span class='ocr_line' id='line_1_24' title="bbox 131 2799 710 2884; baseline 0.002 -20"><span class='ocrx_word' id='word_1_183' title='bbox 131 2800 283 2865; x_wconf 84' lang='lat' dir='ltr'><strong>demersis</strong></span> <span class='ocrx_word' id='word_1_184' title='bbox 305 2799 523 2884; x_wconf 78' lang='lat' dir='ltr'><strong>intellegentia</strong></span> <span class='ocrx_word' id='word_1_185' title='bbox 543 2802 710 2869; x_wconf 87' lang='lat' dir='ltr'><strong>reueletur.</strong></span> 
     </span>
    </p>
   </div>
   <div class='ocr_carea' id='block_1_3' title="bbox 100 2915 1261 3618">
    <p class='ocr_par' dir='ltr' id='par_1_3' title="bbox 24 2896 1261 3618">
     <span class='ocr_line' id='line_1_25' title="bbox 175 2915 1260 3003; baseline 0.004 -23.389"><span class='ocrx_word' id='word_1_186' title='bbox 175 2915 233 2981; x_wconf 85' lang='lat' dir='ltr'><strong>XI.</strong></span> <span class='ocrx_word' id='word_1_187' title='bbox 265 2916 425 2984; x_wconf 62' lang='lat' dir='ltr'><strong>(tanente</strong></span> <span class='ocrx_word' id='word_1_188' title='bbox 454 2921 561 2986; x_wconf 85' lang='lat' dir='ltr'><strong>eutem</strong></span> <span class='ocrx_word' id='word_1_189' title='bbox 590 2939 646 3003; x_wconf 91' lang='lat' dir='ltr'><strong>per</strong></span> <span class='ocrx_word' id='word_1_190' title='bbox 674 2921 733 2986; x_wconf 89' lang='lat' dir='ltr'><strong>hoe</strong></span> <span class='ocrx_word' id='word_1_191' title='bbox 759 2921 900 2986; x_wconf 87' lang='lat' dir='ltr'><strong>studium</strong></span> <span class='ocrx_word' id='word_1_192' title='bbox 923 2920 1120 2985; x_wconf 89' lang='lat' dir='ltr'><strong>inneuatione</strong></span> <span class='ocrx_word' id='word_1_193' title='bbox 1143 2919 1260 2984; x_wconf 85' lang='lat' dir='ltr'><strong>mentis</strong></span> 
     </span>
     <span class='ocr_line' id='line_1_26' title="bbox 100 3021 1260 3107; baseline 0 -19"><span class='ocrx_word' id='word_1_194' title='bbox 100 3022 257 3088; x_wconf 71' lang='lat' dir='ltr'><strong>mnostrue</strong></span> <span class='ocrx_word' id='word_1_195' title='bbox 279 3021 375 3085; x_wconf 88' lang='lat' dir='ltr'><strong>etiem</strong></span> <span class='ocrx_word' id='word_1_196' title='bbox 396 3023 620 3105; x_wconf 70' lang='lat' dir='ltr'><strong>seripturarum</strong></span> <span class='ocrx_word' id='word_1_197' title='bbox 643 3023 740 3090; x_wconf 81' lang='lat' dir='ltr'><strong>leeies</strong></span> <span class='ocrx_word' id='word_1_198' title='bbox 767 3023 895 3105; x_wconf 86' lang='lat' dir='ltr'><strong>ineipiet</strong></span> <span class='ocrx_word' id='word_1_199' title='bbox 917 3023 1068 3107; x_wconf 78' lang='lat' dir='ltr'><strong>innuenti,</strong></span> <span class='ocrx_word' id='word_1_200' title='bbox 1085 3023 1260 3088; x_wconf 85' lang='lat' dir='ltr'><strong>etsaerati·</strong></span> 
     </span>
     <span class='ocr_line' id='line_1_27' title="bbox 132 3123 1261 3208; baseline 0.002 -20"><span class='ocrx_word' id='word_1_201' title='bbox 132 3124 195 3188; x_wconf 88' lang='lat' dir='ltr'><strong>oris</strong></span> <span class='ocrx_word' id='word_1_202' title='bbox 223 3123 458 3207; x_wconf 81' lang='lat' dir='ltr'><strong>intellegentiae</strong></span> <span class='ocrx_word' id='word_1_203' title='bbox 489 3126 686 3208; x_wconf 88' lang='lat' dir='ltr'><strong>pnlehritnde</strong></span> <span class='ocrx_word' id='word_1_204' title='bbox 721 3125 947 3208; x_wconf 83' lang='lat' dir='ltr'><strong>quedammodo</strong></span> <span class='ocrx_word' id='word_1_205' title='bbox 980 3145 1051 3192; x_wconf 91' lang='lat' dir='ltr'><strong>enm</strong></span> <span class='ocrx_word' id='word_1_206' title='bbox 1080 3125 1261 3208; x_wconf 87' lang='lat' dir='ltr'><strong>prefieiente</strong></span> 
     </span>
     <span class='ocr_line' id='line_1_28' title="bbox 132 3225 1256 3310; baseline 0.001 -20"><span class='ocrx_word' id='word_1_207' title='bbox 132 3225 285 3309; x_wconf 81' lang='lat' dir='ltr'><strong>proficiet</strong></span> <span class='ocrx_word' id='word_1_208' title='bbox 326 3245 381 3309; x_wconf 90' lang='lat' dir='ltr'><strong>pre</strong></span> <span class='ocrx_word' id='word_1_209' title='bbox 410 3230 581 3310; x_wconf 85' lang='lat' dir='ltr'><strong>eapneitete</strong></span> <span class='ocrx_word' id='word_1_210' title='bbox 614 3229 697 3294; x_wconf 89' lang='lat' dir='ltr'><strong>enim</strong></span> <span class='ocrx_word' id='word_1_211' title='bbox 731 3229 938 3293; x_wconf 87' lang='lat' dir='ltr'><strong>humanorum</strong></span> <span class='ocrx_word' id='word_1_212' title='bbox 971 3245 1117 3293; x_wconf 88' lang='lat' dir='ltr'><strong>sensuum</strong></span> <span class='ocrx_word' id='word_1_213' title='bbox 1151 3246 1256 3292; x_wconf 81' lang='lat' dir='ltr'><strong>eurum</strong></span> 
     </span>
     <span class='ocr_line' id='line_1_29' title="bbox 134 3327 1259 3413; baseline 0 -21"><span class='ocrx_word' id='word_1_214' title='bbox 134 3346 255 3411; x_wconf 86' lang='lat' dir='ltr'><strong>queque</strong></span> <span class='ocrx_word' id='word_1_215' title='bbox 276 3331 394 3413; x_wconf 87' lang='lat' dir='ltr'><strong>speeies</strong></span> <span class='ocrx_word' id='word_1_216' title='bbox 417 3332 578 3413; x_wconf 86' lang='lat' dir='ltr'><strong>eoaptatur</strong></span> <span class='ocrx_word' id='word_1_217' title='bbox 602 3334 633 3396; x_wconf 92' lang='lat' dir='ltr'><strong>et</strong></span> <span class='ocrx_word' id='word_1_218' title='bbox 656 3330 708 3396; x_wconf 91' lang='lat' dir='ltr'><strong>uel</strong></span> <span class='ocrx_word' id='word_1_219' title='bbox 729 3332 852 3396; x_wconf 90' lang='lat' dir='ltr'><strong>terrena</strong></span> <span class='ocrx_word' id='word_1_220' title='bbox 874 3331 1049 3396; x_wconf 78' lang='lat' dir='ltr'><strong>carnalibus</strong></span> <span class='ocrx_word' id='word_1_221' title='bbox 1073 3331 1123 3395; x_wconf 92' lang='lat' dir='ltr'><strong>nel</strong></span> <span class='ocrx_word' id='word_1_222' title='bbox 1151 3327 1259 3393; x_wconf 86' lang='lat' dir='ltr'><strong>diuina</strong></span> 
     </span>
     <span class='ocr_line' id='line_1_30' title="bbox 134 3432 1259 3517; baseline 0 -21"><span class='ocrx_word' id='word_1_223' title='bbox 134 3432 330 3514; x_wconf 80' lang='lat' dir='ltr'><strong>spiritalibus</strong></span> <span class='ocrx_word' id='word_1_224' title='bbox 353 3434 525 3517; x_wconf 84' lang='lat' dir='ltr'><strong>sdperebit,</strong></span> <span class='ocrx_word' id='word_1_225' title='bbox 551 3433 598 3499; x_wconf 89' lang='lat' dir='ltr'><strong>ita</strong></span> <span class='ocrx_word' id='word_1_226' title='bbox 621 3438 657 3498; x_wconf 92' lang='lat' dir='ltr'><strong>nt</strong></span> <span class='ocrx_word' id='word_1_227' title='bbox 671 3435 714 3515; x_wconf 84' lang='lat' dir='ltr'><strong>lui,</strong></span> <span class='ocrx_word' id='word_1_228' title='bbox 730 3433 843 3517; x_wconf 87' lang='lat' dir='ltr'><strong>quibus</strong></span> <span class='ocrx_word' id='word_1_229' title='bbox 858 3437 949 3498; x_wconf 85' lang='lat' dir='ltr'><strong>auten</strong></span> <span class='ocrx_word' id='word_1_230' title='bbox 964 3433 1130 3498; x_wconf 88' lang='lat' dir='ltr'><strong>uidebatur</strong></span> <span class='ocrx_word' id='word_1_231' title='bbox 1146 3433 1259 3496; x_wconf 88' lang='lat' dir='ltr'><strong>erassis</strong></span> 
     </span>
     <span class='ocr_line' id='line_1_31' title="bbox 102 3535 1260 3618; baseline -0.001 -18"><span class='ocrx_word' id='word_1_232' title='bbox 102 3535 321 3616; x_wconf 77' lang='lat' dir='ltr'><strong>eqninnsdem</strong></span> <span class='ocrx_word' id='word_1_233' title='bbox 343 3535 463 3602; x_wconf 88' lang='lat' dir='ltr'><strong>nebulis</strong></span> <span class='ocrx_word' id='word_1_234' title='bbox 485 3536 637 3612; x_wconf 68' lang='lat' dir='ltr'><strong>inuoluta</strong></span> <span class='ocrx_word' id='word_1_235' title='bbox 652 3555 708 3606; x_wconf 88' lang='lat' dir='ltr'><strong>nee</strong></span> <span class='ocrx_word' id='word_1_236' title='bbox 722 3535 933 3605; x_wconf 85' lang='lat' dir='ltr'><strong>subtilitatem</strong></span> <span class='ocrx_word' id='word_1_237' title='bbox 950 3535 1016 3601; x_wconf 89' lang='lat' dir='ltr'><strong>eine</strong></span> <span class='ocrx_word' id='word_1_238' title='bbox 1033 3535 1260 3618; x_wconf 88' lang='lat' dir='ltr'><strong>deprehendere</strong></span> 
     </span>
    </p>
   </div>
   <div class='ocr_carea' id='block_1_4' title="bbox 236 3738 801 3805">
    <p class='ocr_par' dir='ltr' id='par_1_4' title="bbox 236 3738 801 3805">
     <span class='ocr_line' id='line_1_32' title="bbox 236 3738 801 3805; baseline 0.004 -13"><span class='ocrx_word' id='word_1_239' title='bbox 236 3738 252 3792; x_wconf 78' lang='grc'><strong>7</strong></span> <span class='ocrx_word' id='word_1_240' title='bbox 270 3738 332 3792; x_wconf 81' lang='lat' dir='ltr'><strong>Les.</strong></span> <span class='ocrx_word' id='word_1_241' title='bbox 350 3739 393 3805; x_wconf 80' lang='lat'><strong>21,</strong></span> <span class='ocrx_word' id='word_1_242' title='bbox 412 3739 445 3794; x_wconf 85' lang='lat'><strong>12</strong></span> <span class='ocrx_word' id='word_1_243' title='bbox 548 3739 706 3796; x_wconf 76' lang='lat'>1011001.</span> <span class='ocrx_word' id='word_1_244' title='bbox 724 3741 748 3804; x_wconf 85' lang='grc'><strong>6,</strong></span> <span class='ocrx_word' id='word_1_245' title='bbox 768 3741 801 3794; x_wconf 90' lang='grc'><strong>16</strong></span> 
     </span>
    </p>
   </div>
   <div class='ocr_carea' id='block_1_5' title="bbox 136 3923 1260 4339">
    <p class='ocr_par' dir='ltr' id='par_1_5' title="bbox 136 3923 1260 4339">
     <span class='ocr_line' id='line_1_33' title="bbox 186 3923 1259 3996; baseline -0.004 -16"><span class='ocrx_word' id='word_1_246' title='bbox 186 3927 203 3980; x_wconf 89' lang='grc'>3</span> <span class='ocrx_word' id='word_1_247' title='bbox 220 3941 283 3980; x_wconf 85' lang='lat' dir='ltr'><strong>area</strong></span> <span class='ocrx_word' id='word_1_248' title='bbox 298 3926 329 3979; x_wconf 90' lang='grc' dir='ltr'>Π</span> <span class='ocrx_word' id='word_1_249' title='bbox 420 3928 445 3980; x_wconf 77' lang='lat'><strong>4·</strong></span> <span class='ocrx_word' id='word_1_250' title='bbox 456 3927 548 3996; x_wconf 83' lang='lat' dir='ltr'><strong>etiem]</strong></span> <span class='ocrx_word' id='word_1_251' title='bbox 566 3931 657 3982; x_wconf 60' lang='lat' dir='ltr'><strong>umen</strong></span> <span class='ocrx_word' id='word_1_252' title='bbox 674 3926 705 3978; x_wconf 91' lang='grc' dir='ltr'><em>Π</em></span> <span class='ocrx_word' id='word_1_253' title='bbox 799 3928 817 3981; x_wconf 82' lang='grc'>5</span> <span class='ocrx_word' id='word_1_254' title='bbox 835 3925 1003 3980; x_wconf 80' lang='lat' dir='ltr'><strong>insolubilem</strong></span> <span class='ocrx_word' id='word_1_255' title='bbox 1022 3927 1057 3976; x_wconf 56' lang='grc' dir='ltr'><em>Ψ</em></span> <span class='ocrx_word' id='word_1_256' title='bbox 1148 3923 1259 3991; x_wconf 70' lang='lat' dir='ltr'><strong>piniane</strong></span> 
     </span>
     <span class='ocr_line' id='line_1_34' title="bbox 136 4007 1260 4075; baseline 0 -12"><span class='ocrx_word' id='word_1_257' title='bbox 136 4014 161 4063; x_wconf 70' lang='lat' dir='ltr'><em>T</em></span> <span class='ocrx_word' id='word_1_258' title='bbox 255 4011 365 4066; x_wconf 84' lang='lat' dir='ltr'><strong>absorta</strong></span> <span class='ocrx_word' id='word_1_259' title='bbox 382 4012 503 4066; x_wconf 69' lang='grc' dir='ltr'><em>ΣΠΤΟ</em></span> <span class='ocrx_word' id='word_1_260' title='bbox 600 4010 788 4068; x_wconf 73' lang='lat' dir='ltr'><strong>rarenter</strong></span> <span class='ocrx_word' id='word_1_261' title='bbox 890 4007 1209 4075; x_wconf 59' lang='lat' dir='ltr'><strong>muneremunere</strong></span> <span class='ocrx_word' id='word_1_262' title='bbox 1226 4010 1260 4063; x_wconf 83' lang='lat' dir='ltr'><strong>ise</strong></span> 
     </span>
     <span class='ocr_line' id='line_1_35' title="bbox 136 4094 1189 4167; baseline -0.003 -16"><span class='ocrx_word' id='word_1_263' title='bbox 136 4112 190 4151; x_wconf 79' lang='lat' dir='ltr'><strong>roe.</strong></span> <span class='ocrx_word' id='word_1_264' title='bbox 207 4100 280 4151; x_wconf 75' lang='lat' dir='ltr'><strong>een</strong></span> <span class='ocrx_word' id='word_1_265' title='bbox 368 4098 400 4154; x_wconf 84' lang='lat'><strong>14</strong></span> <span class='ocrx_word' id='word_1_266' title='bbox 417 4098 447 4152; x_wconf 87' lang='lat' dir='ltr'><strong>in</strong></span> <span class='ocrx_word' id='word_1_267' title='bbox 464 4097 593 4167; x_wconf 88' lang='lat' dir='ltr'><strong>legendis]</strong></span> <span class='ocrx_word' id='word_1_268' title='bbox 613 4097 802 4166; x_wconf 80' lang='lat' dir='ltr'><strong>intellegendis</strong></span> <span class='ocrx_word' id='word_1_269' title='bbox 820 4097 849 4148; x_wconf 92' lang='grc' dir='ltr'><strong><em>Π</em></strong></span> <span class='ocrx_word' id='word_1_270' title='bbox 939 4097 970 4150; x_wconf 79' lang='lat' dir='ltr'><strong>li</strong></span> <span class='ocrx_word' id='word_1_271' title='bbox 988 4110 1113 4164; x_wconf 78' lang='lat' dir='ltr'><strong>pereussa</strong></span> <span class='ocrx_word' id='word_1_272' title='bbox 1131 4094 1189 4148; x_wconf 88' lang='grc' dir='ltr'><strong>ΣΟ</strong></span> 
     </span>
     <span class='ocr_line' id='line_1_36' title="bbox 136 4181 1192 4252; baseline -0.004 -16"><span class='ocrx_word' id='word_1_273' title='bbox 136 4182 171 4236; x_wconf 73' lang='lat'><strong>20</strong></span> <span class='ocrx_word' id='word_1_274' title='bbox 194 4183 361 4239; x_wconf 79' lang='lat' dir='ltr'><strong>renelnmrie</strong></span> <span class='ocrx_word' id='word_1_275' title='bbox 385 4185 425 4235; x_wconf 77' lang='grc' dir='ltr'><strong>Π1</strong></span> <span class='ocrx_word' id='word_1_276' title='bbox 527 4185 561 4238; x_wconf 77' lang='grc'><strong>22</strong></span> <span class='ocrx_word' id='word_1_277' title='bbox 587 4184 672 4252; x_wconf 86' lang='lat' dir='ltr'><strong>uelut]</strong></span> <span class='ocrx_word' id='word_1_278' title='bbox 699 4184 742 4238; x_wconf 87' lang='lat' dir='ltr'><strong>uel</strong></span> <span class='ocrx_word' id='word_1_279' title='bbox 768 4184 816 4238; x_wconf 86' lang='lat' dir='ltr'><strong>lle</strong></span> <span class='ocrx_word' id='word_1_280' title='bbox 922 4182 957 4237; x_wconf 77' lang='lat'><strong>23</strong></span> <span class='ocrx_word' id='word_1_281' title='bbox 984 4181 1106 4237; x_wconf 83' lang='lat' dir='ltr'><strong>dimersis</strong></span> <span class='ocrx_word' id='word_1_282' title='bbox 1133 4181 1192 4232; x_wconf 65' lang='grc' dir='ltr'><strong>ΣΤ</strong></span> 
     </span>
     <span class='ocr_line' id='line_1_37' title="bbox 137 4267 988 4339; baseline -0.001 -18"><span class='ocrx_word' id='word_1_283' title='bbox 137 4267 171 4321; x_wconf 75' lang='lat'><strong>25</strong></span> <span class='ocrx_word' id='word_1_284' title='bbox 188 4267 282 4323; x_wconf 80' lang='lat' dir='ltr'><strong>seribt.</strong></span> <span class='ocrx_word' id='word_1_285' title='bbox 299 4269 333 4322; x_wconf 63' lang='lat' dir='ltr'><strong>l*</strong></span> <span class='ocrx_word' id='word_1_286' title='bbox 436 4270 470 4324; x_wconf 75' lang='grc'><strong>26</strong></span> <span class='ocrx_word' id='word_1_287' title='bbox 487 4269 671 4339; x_wconf 86' lang='lat' dir='ltr'><strong>qnedadmede</strong></span> <span class='ocrx_word' id='word_1_288' title='bbox 690 4271 718 4320; x_wconf 92' lang='grc' dir='ltr'><strong><em>Σ</em></strong></span> <span class='ocrx_word' id='word_1_289' title='bbox 817 4269 853 4324; x_wconf 75' lang='lat'><strong>29</strong></span> <span class='ocrx_word' id='word_1_290' title='bbox 871 4268 910 4324; x_wconf 89' lang='lat' dir='ltr'><strong>hii</strong></span> <span class='ocrx_word' id='word_1_291' title='bbox 929 4267 988 4320; x_wconf 82' lang='grc' dir='ltr'><strong>ΣΟ</strong></span> 
     </span>
    </p>
   </div>
   <div class='ocr_carea' id='block_1_6' title="bbox 0 0 1513 5200">
    <p class='ocr_par' dir='ltr' id='par_1_6' title="bbox 0 0 1513 5200">
     <span class='ocr_line' id='line_1_38' title="bbox 0 0 1513 5200; baseline 0 0"><span class='ocrx_word' id='word_1_292' title='bbox 0 0 1513 5200; x_wconf 95' lang='lat' dir='ltr'><strong> </strong></span> 
     </span>
    </p>
   </div>
  </div>
 </body>
</html>
