3009 5200
489 453 652 508 Conlatio
675 454 713 520 Il,
731 455 806 508 6--a
1165 455 1207 523 47

114 639 213 706 VIII.
250 643 396 725 Longum
434 644 484 708 est
522 641 733 726 deceptionem
776 642 865 708 illius
909 660 1029 724 quoqne
1066 641 1206 707 monachi

76 743 330 826 limopotameni
351 747 506 810 narrando
528 763 712 828 percurrere,
745 745 799 827 qni
822 747 855 809 in
877 744 933 810 illa
954 745 1115 826 prouincia
1136 763 1207 826 per-

77 847 179 928 paucis
204 848 398 913 imitabilem
422 848 644 916 continentiam
668 851 785 924 tenens,
801 866 896 930 quam
911 866 966 930 per
980 863 1076 910 annos
1092 847 1207 912 multos

77 951 285 1032 singulariter
314 952 345 1015 iu
375 952 456 1017 cella
485 956 624 1018 retrusus
653 953 805 1033 exegerat,
834 952 880 1014 ita
902 953 948 1014 cst
973 951 1012 1016 ad
1035 951 1207 1014 extremum

61 1051 245 1118 sdisbolicis
280 1054 521 1121 reuelationibus
555 1055 742 1136 somniisque
772 1055 908 1136 delusus,
937 1058 972 1119 ut
1000 1055 1071 1136 post
1103 1055 1206 1116 tantos

77 1155 200 1220 labores
221 1161 319 1237 atque
340 1157 485 1240 uirtutes,
506 1157 617 1240 quibus
641 1161 811 1222 excesserat
833 1175 939 1222 omnes
960 1144 1125 1222 monachos
1146 1156 1205 1220 ibi·

77 1261 142 1322 dem
169 1259 359 1338 residentes,
384 1261 422 1324 ad
444 1259 638 1324 Iudaismum
660 1262 693 1324 et
714 1258 980 1324 circumcisionem
1001 1261 1102 1323 carnis
1117 1260 1206 1342 lapsu

77 1362 256 1426 miserabili
294 1361 482 1426 uolueretur.
526 1379 599 1426 uam
635 1381 706 1426 eum
741 1363 848 1427 uolens
880 1379 952 1426 eum
984 1356 1236 1426 consuetudinet

78 1463 237 1528 uisionum
262 1465 302 1528 ad
324 1463 540 1530 credulitatem
563 1464 688 1529 suturae
702 1465 890 1547 deceptionis
905 1462 1029 1528 inlicere
1043 1463 1207 1528 uerissima

52 1584 221 1650 aquaeque
237 1567 340 1632 multo
356 1570 494 1648 ternpore
510 1566 649 1632 diabolus
665 1567 755 1632 uelut
768 1567 911 1632 ueritatis
925 1566 1053 1631 nuntius
1068 1565 1205 1632 reuolua-

78 1673 132 1750 set,
168 1671 210 1734 ad
248 1674 421 1734 extremum
450 1669 584 1734 ostendit
612 1667 824 1734 Christianum
856 1670 1006 1750 populum
1038 1687 1101 1732 una
1134 1687 1204 1733 curn

78 1772 276 1854 principibus
307 1771 465 1852 religionis
494 1789 529 1835 ee
550 1771 621 1836 fidei
644 1775 778 1852 nostrae,
799 1773 948 1853 apostolis
970 1771 1090 1836 scilicet
1111 1772 1203 1853 atque

79 1875 286 1957 martyribus,
314 1873 512 1939 tenebmsum
539 1892 575 1938 ac
602 1875 737 1939 taetrum
767 1876 910 1956 omnique
937 1873 1035 1938 macie
1064 1874 1204 1939 tabidum

80 1979 174 2060 etque
203 1977 376 2042 deformem
400 1979 431 2040 et
457 1979 603 2042 econtra
634 1976 820 2041 ludaeorum
849 1977 972 2058 plebem
1000 1996 1072 2042 cum
1093 1977 1203 2059 Moysi,

53 2081 282 2164 repatriarcbis,
305 2078 463 2162 prophetis
484 2095 605 2144 summa
627 2079 851 2161 tripudiantem
876 2077 1001 2144 laetitia
1022 2083 1054 2142 et
1068 2079 1204 2160 splendi-

81 2185 211 2248 dissimo
243 2183 363 2248 lumine
389 2184 612 2259 coruscantem,
635 2181 767 2246 suadens
791 2187 838 2266 ut,
861 2181 888 2246 si
910 2181 1018 2246 mallet
1041 2180 1146 2246 meriti
1169 2197 1205 2245 ae

80 2285 288 2351 latitudinis
319 2285 446 2350 illorum
481 2285 634 2367 particeps
671 2284 747 2358 fieri,
785 2285 1050 2350 circumcisionem
1085 2301 1205 2366 qnoque

81 2390 236 2472 suscipere
257 2388 429 2453 festinaret.
468 2387 578 2452 borum
603 2386 710 2468 itaque
732 2387 868 2469 prolecto
891 2388 997 2452 nullus
1020 2389 1086 2451 tam
1109 2386 1203 2468 lugu-

81 2492 178 2556 briter
208 2491 323 2556 iuiseet
349 2490 480 2567 inlustra,
508 2490 535 2555 si
558 2490 711 2556 rationem
740 2489 933 2555 discretionis
961 2489 1053 2554 buius
1077 2489 1205 2572 adsequi

54 2594 289 2661 elaborassent.
312 2595 511 2678 quamobrem
532 2594 564 2659 in
581 2592 706 2677 quantis
729 2593 933 2675 perniciosum
955 2592 998 2657 sit
1012 2591 1204 2658 discretionis

83 2699 219 2780 gratum
240 2715 301 2761 non
324 2696 446 2780 babere,
470 2696 638 2761 multorum
661 2714 748 2761 casus
764 2699 797 2761 et
811 2697 1020 2779 experimenta
1034 2696 1202 2761 declarant.

124 2824 233 2890 v1111.
256 2825 307 2889 Ad
329 2825 404 2889 baec
426 2841 623 2890 qnansnvs:
653 2824 694 2888 Et
716 2824 847 2889 nouellis
862 2823 1010 2906 exemplis
1026 2826 1058 2888 et
1073 2822 1205 2887 definiti-

84 2926 194 2992 onibus
232 2929 430 3009 antiquorum
468 2928 545 2991 satis
581 2924 762 3009 abundeque
798 2926 957 3008 perpatuit
989 2925 1203 2991 discretionem

84 3032 201 3095 lentem
238 3031 462 3112 quodammodo
498 3030 692 3111 radicemque
726 3035 905 3095 cunctarum
942 3046 1008 3093 esse
1040 3028 1205 3092 uirtutum.

56 3132 236 3214 usquemodo
265 3150 336 3215 ergo
360 3132 481 3213 adquiri
511 3131 624 3197 debeat
652 3132 794 3213 cupimus
823 3132 953 3209 edoceri,
981 3132 1036 3195 ant
1058 3131 1205 3212 quemad·

85 3238 211 3300 modum
233 3235 339 3299 utrum
363 3252 439 3299 uera
462 3239 493 3299 et
515 3253 551 3299 ex
574 3235 641 3313 deo,
665 3252 704 3299 an
726 3234 805 3299 laisa
827 3238 858 3298 et
880 3232 1034 3298 diabolica
1048 3234 1092 3297 sit
1107 3234 1206 3315 possit

138 3523 152 3576 1
180 3520 333 3588 deceptione
362 3521 400 3576 W
503 3536 605 3589 quoque
631 3521 707 3574 illius
732 3520 763 3575 D
864 3519 882 3573 2
907 3522 1045 3589 prouiutia
1075 3520 1140 3576 WX

90 3615 104 3667 l
129 3614 355 3669 circumcisionem
387 3613 426 3667 W
448 3620 474 3668 et
502 3617 528 3669 ‘6
551 3614 606 3670 ms?
632 3614 709 3684 apud
740 3615 901 3683 Guyclcium:
930 3617 1104 3669 concisionem
1127 3616 1207 3673 DXo

90 3708 144 3771 (aad
165 3725 212 3761 ceu
236 3708 270 3763 in
286 3723 340 3763 ras.
363 3711 434 3762 m.2
459 3708 498 3774 D)
602 3708 678 3763 labsu
707 3710 744 3765 W
856 3710 887 3763 11
914 3708 1073 3764 christianos
1098 3710 1140 3764 D¹

91 3802 120 3853 12
142 3801 286 3871 relegionis
308 3801 350 3856 D¹
453 3802 484 3856 13
509 3803 672 3873 martirybus
694 3803 724 3857 D
826 3807 925 3857 tetrum
944 3804 1004 3857 DX
1104 3804 1208 3859 malicie

89 3896 125 3949 D¹
231 3897 264 3950 14
288 3896 355 3949 mosi
377 3896 414 3951 W
442 3912 537 3965 moysee
560 3897 591 3951 X
694 3899 726 3951 15
749 3900 777 3951 et
794 3897 886 3967 proph.
903 3898 945 3951 D²
973 3902 1054 3967 atque
1071 3898 1207 3969 prophetis

88 3989 135 4044 Xe
221 3992 254 4046 18
271 3990 394 4059 profectu
411 3989 441 4043 D
525 3991 559 4044 20
577 3990 743 4046 laborassent
761 3992 856 4047 D¹W:
881 3991 1027 4046 laborasset
1043 3992 1140 4051 D²Xo

88 4084 192 4151 quantis
220 4083 321 4138 DWX
347 4082 409 4150 (aed
434 4084 464 4137 D
488 4086 521 4139 in
546 4100 602 4139 raa.
629 4102 662 4138 m.
681 4088 711 4151 2)
751 4088 880 4154 quantum
907 4103 924 4141 o
1043 4086 1207 4141 discritiuuis

92 4176 132 4229 W¹
234 4180 265 4232 21
291 4177 389 4232 haberi
409 4178 448 4232 W
547 4194 620 4232 casos
643 4179 684 4232 D¹
786 4181 953 4233 steresios
975 4180 1005 4233 D
1106 4180 1140 4234 23
1160 4180 1207 4235 ab·

87 4272 200 4342 uudeqm
221 4272 270 4328 W:
302 4270 515 4341 abundandeqne
534 4272 596 4339 (dan
614 4272 666 4329 dal.
685 4290 718 4327 m.
737 4276 764 4342 1)
782 4274 812 4327 Χ
841 4273 944 4327 abunde
966 4273 1017 4327 Do
1115 4274 1207 4328 discri-

85 4366 178 4420 tionem
201 4368 248 4421 W¹
