3009 5200
276 451 340 517 264
661 454 828 509 Iohannis
852 450 1011 506 Cassiani

275 646 308 708 et
329 642 463 708 humilia
485 641 627 707 deserens
649 641 743 723 atque
769 645 892 706 terrena
916 639 954 705 ad
977 639 1035 705 illa
1063 638 1208 704 caelestia
1230 642 1262 703 et
1283 639 1395 706 inuisi·

277 745 354 812 bilia
389 744 603 810 transferetur.
647 746 729 809 unde
762 744 886 826 proprie
921 744 998 808 satia
1035 743 1208 825 praeceptis
1233 742 1396 808 dominicis

277 854 493 917 admonemur:
522 848 656 913 uidete
682 865 730 911 ne
757 848 910 929 quando
941 850 1162 930 grauentur
1185 844 1307 909 corda
1333 864 1395 910 ue·

276 957 361 1017 atra
382 953 421 1016 in
442 950 605 1033 crapula
626 950 667 1015 et
689 950 893 1015 ebrietate
915 954 953 1015 et
975 949 1082 1014 curis
1105 948 1394 1015 saecularibus.

245 1056 308 1121 aer
328 1056 444 1121 idcirco
464 1055 492 1118 si
514 1054 660 1118 uolumus
682 1054 838 1118 orationes
861 1054 981 1117 nostras
1003 1070 1064 1118 non
1086 1054 1186 1118 solum
1209 1051 1318 1131 caelos,
1342 1055 1395 1119 aad
1419 1074 1431 1114 s

275 1158 373 1222 etiam
395 1176 432 1221 ea
453 1175 533 1240 quae
554 1174 647 1239 snper
667 1157 769 1221 caelos
797 1158 870 1221 sunt
892 1160 1064 1239 penetrare,
1093 1174 1236 1221 curemus
1258 1161 1395 1221 mentem

275 1264 315 1327 ab
343 1260 487 1326 omuibus
514 1260 646 1325 terrenis
667 1258 755 1324 uitiis
777 1262 978 1343 expurgatam
1008 1262 1188 1342 cunctisque
1211 1260 1394 1325 mundatam

273 1362 410 1429 faecibus
439 1362 617 1445 passionum
646 1362 685 1426 ad
715 1360 927 1427 subtilitatem
952 1361 1118 1444 perducere
1147 1364 1332 1438 naturalem,
1360 1366 1397 1427 ut

275 1469 319 1532 ita
347 1466 386 1530 ad
413 1467 507 1531 deum
535 1468 633 1531 oratio
654 1466 722 1532 eius
744 1466 831 1530 nullo
861 1466 1011 1531 uitiorum
1033 1466 1169 1549 pondero
1191 1470 1396 1549 praegrauatu

273 1569 470 1634 conscendat.
1406 1592 1431 1631 ro

316 1672 355 1737 V.
389 1671 571 1737 Notandum
606 1672 711 1736 tarum
749 1672 862 1754 quibua
898 1690 933 1736 er
966 1672 1066 1738 causis
1099 1674 1225 1755 maneri
1258 1677 1395 1737 mentem

274 1775 418 1841 dominus
438 1776 657 1859 designauerit.
694 1791 754 1839 non
779 1776 861 1839 enim
885 1775 1049 1851 adulteria,
1080 1793 1140 1840 nou
1163 1774 1394 1853 fornicationes,

274 1896 337 1943 uon
366 1877 542 1956 homicidia,
571 1897 633 1943 non
662 1878 876 1961 blsaphemiae,
907 1896 968 1944 non
992 1882 1126 1962 rapinas,
1149 1898 1227 1963 quae
1250 1879 1396 1945 mortalia

275 1998 341 2047 eaeo
372 1983 403 2045 et
436 1981 625 2048 damnabilia
659 1982 767 2046 nullus
798 1983 931 2067 ignoret,
961 1984 1013 2047 sod
1043 1982 1202 2065 crapulam
1232 1982 1335 2065 poenit
1363 1983 1395 2048 et

273 2082 455 2150 ebrietatem
489 2089 522 2149 et
554 2102 644 2150 ouras
678 2085 746 2151 siue
778 2085 1004 2153 sollicitudines
1037 2086 1218 2151 saeculares.
1257 2104 1334 2168 quae
1362 2087 1432 2152 inus

274 2187 398 2252 tantum
431 2206 521 2253 nemo
553 2188 715 2253 hominum
746 2188 854 2253 mundi
882 2189 975 2254 huius
1002 2190 1092 2255 canet
1119 2194 1175 2255 aut
1203 2188 1395 2256 damnabilia

274 2290 400 2365 iudicat,
434 2292 469 2356 ut
501 2294 596 2357 etiam
622 2292 774 2372 nonnulli,
807 2293 886 2375 quod
914 2294 1011 2375 pudet
1039 2294 1149 2375 dicere,
1178 2300 1278 2359 semet
1311 2295 1394 2375 ipsos

274 2394 441 2460 monachos
465 2401 678 2477 nuncupantes
693 2398 793 2462 isdem
808 2397 883 2478 ipsis
898 2396 1140 2463 distentionibus
1157 2395 1245 2461 uelut
1260 2396 1393 2461 innoxiis

243 2487 307 2561 2ἰι
337 2496 469 2565 utilibus
500 2498 696 2581 inplicantur.
740 2518 819 2581 quae
852 2502 912 2565 tria
943 2500 1017 2565 licet
1049 2500 1219 2565 secundum
1253 2500 1394 2565 litteram

276 2602 455 2684 perpetrata
476 2602 650 2685 adgrauent
670 2602 808 2668 animam
834 2605 927 2685 atque
950 2606 1044 2669 adeo
1067 2609 1212 2688 separent
1232 2622 1268 2668 ac
1290 2604 1431 2685 depini-ac

275 2708 365 2770 mant
386 2706 425 2770 ad
448 2709 580 2784 terrena,
604 2707 652 2770 eet
673 2711 779 2771 tumen
794 2725 900 2772 eorum
916 2706 1016 2772 facilis
1030 2707 1198 2772 declinatio
1213 2709 1245 2772 ot
1260 2707 1394 2772 maxime

273 2809 373 2887 nobis,
403 2808 457 2891 qui
484 2809 550 2874 tam
578 2809 675 2891 longo
702 2811 872 2874 remotione
893 2809 931 2874 ab
954 2809 1039 2876 omni
1065 2809 1183 2876 saeculi
1206 2810 1297 2874 buius
1319 2829 1393 2876 con·

228 2914 233 2925 '
275 2912 450 2977 uersatione
476 2912 684 2996 disiungimur
706 2918 739 2976 et
759 2912 831 2978 istis
847 2911 1027 2978 risibilibus
1043 2916 1124 2980 curis
1140 2915 1171 2980 et
1185 2912 1391 2980 ebrietatibus

275 3017 308 3078 et
328 3014 464 3096 crapulis
486 3015 576 3080 nulla
596 3015 720 3099 penitus
741 3017 902 3082 occasione
923 3018 1100 3084 miscemur.
1137 3035 1246 3082 uerum
1268 3019 1315 3082 est
1330 3017 1395 3082 alia

274 3135 395 3198 quoque
417 3119 545 3198 crapula
558 3136 619 3184 uon
634 3118 738 3184 minus
765 3121 853 3185 noxia
868 3123 900 3183 et
915 3120 1049 3185 ebrietas
1064 3119 1215 3202 spiritalia
1232 3119 1393 3185 difficilius
1403 3137 1432 3182 ιι

273 3219 429 3297 euitanda,
453 3238 528 3286 cura
549 3239 671 3304 quoque
692 3240 730 3288 ac
743 3223 921 3289 sollicitudo
938 3223 1115 3306 modularis,
1130 3241 1210 3305 quae
1223 3241 1279 3290 nos
1296 3222 1393 3288 etiam

271 3321 343 3405 post
365 3321 503 3387 omnium
525 3323 714 3388 facultatum
741 3329 918 3391 nostrarum
940 3325 1110 3407 perfectam
1132 3326 1393 3392 renuntiationem

271 3428 302 3489 et
316 3424 382 3489 uini
397 3425 619 3508 epularumque
634 3427 815 3493 cunctarum
837 3427 1059 3494 continentiam
1078 3435 1110 3495 et
1130 3429 1254 3512 quidem
1269 3429 1303 3494 in
1318 3428 1393 3494 aoli-

370 3608 468 3663 ilLuc.
486 3610 528 3675 21,
546 3611 581 3666 34

323 3782 335 3834 l
354 3780 439 3850 adque
460 3782 512 3836 VP
608 3783 731 3838 cuelistia
751 3785 778 3839 V
875 3785 1072 3840 2transfertur
1089 3790 1182 3841 eterne
1204 3787 1227 3843 0
1323 3786 1392 3842 satis

272 3867 376 3935 proprie
400 3867 430 3922 D
541 3869 558 3922 3
585 3869 743 3924 admonetur
769 3871 810 3924 D¹
912 3871 1094 3941 adgrabentur
1121 3873 1145 3929 0
1245 3874 1262 3928 8
1289 3871 1393 3927 fecibus

270 3953 425 4011 DWOPX
525 3955 720 4010 sublimitatem
748 3957 796 4013 VO
827 3958 1009 4026 suptilitatem
1032 3960 1095 4015 DX
1195 3959 1212 4014 9
1236 3963 1393 4029 praegratta

270 4039 313 4094 D¹
416 4041 446 4095 ll
470 4042 497 4096 V
517 4057 576 4097 roro
599 4042 743 4113 distinpoit
847 4044 879 4100 12
900 4043 995 4099 furnio.
1017 4046 1050 4101 V¹
1083 4046 1267 4100 fornicationis
1290 4045 1330 4102 W

269 4123 305 4178 1³
328 4125 475 4180 numiddie
504 4127 531 4182 V
633 4127 711 4182 blasf-
741 4129 792 4186 VO
898 4131 1026 4185 mortalia
1055 4132 1081 4187 V
1185 4133 1219 4186 18
1244 4132 1390 4188 monachus

273 4210 310 4264 V·
401 4211 485 4266 isdem
501 4211 611 4268 DOP’r
640 4214 743 4268 hisdem
761 4215 819 4270 rell.
915 4217 950 4270 20
967 4216 1052 4285 sdque
1074 4217 1151 4273 VOP
1246 4217 1281 4272 22
1298 4221 1391 4272 umen

272 4295 321 4350 W¹
405 4296 439 4350 23
456 4299 528 4352 curis
544 4304 574 4353 et
595 4300 694 4356 Wo:
723 4317 746 4355 c.
764 4303 843 4370 atqua
860 4301 969 4358 DPXo
1057 4303 1089 4358 ab
1108 4303 1263 4358 facultatem
1280 4304 1322 4360 12¹

268 4380 303 4435 28
319 4382 441 4450 equidem
464 4383 517 4438 ΟΧ
