3009 5200
486 416 648 473 Goniatio
671 418 766 483 VIIII,
785 418 828 475 34,
1157 422 1220 489 279

94 608 306 676 commentiae
328 626 402 673 suae
425 605 637 689 desperatione
658 608 831 692 frangetur.
870 612 905 674 ut
926 610 1009 675 euim
1024 610 1249 689 miseriamm4

92 714 275 777 nocherum
302 710 561 793 contemplatione
589 715 756 779 concedam
785 731 840 781 nos
862 712 1005 778 omuibus
1027 730 1105 794 quas
1127 731 1219 797 supra

93 816 341 880 memorauimue
369 815 495 896 penitus
522 814 689 880 destitutos
715 834 783 881 esse
804 815 976 881 uirtutibus
998 818 1030 879 et
1052 832 1110 880 nec
1130 814 1218 881 illam

93 936 150 981 uos
174 917 292 983 habere
313 917 501 983 laudabilem
524 916 656 983 duorum
680 918 913 984 consensionem
934 936 990 983 neo
1013 919 1103 984 illem
1125 918 1217 985 fidem

67 1038 190 1103 sgrauo
221 1022 344 1103 senapis
373 1025 573 1101 conparatum
599 1040 656 1087 uec
683 1021 740 1086 illa
769 1038 862 1103 opera
891 1021 1017 1103 pietatis
1047 1038 1124 1103 quae
1146 1040 1217 1104 pro·

89 1124 190 1207 pheta
219 1123 377 1206 describit,
407 1143 484 1189 num
512 1125 567 1189 uel
595 1123 851 1207 inportunitatem
882 1142 961 1206 quae
989 1128 1073 1189 omni
1100 1124 1218 1191 uolenti

90 1228 276 1313 subpeditat
310 1219 422 1295 hab'ere
458 1246 521 1293 non
558 1244 732 1310 possumus,
771 1246 825 1310 per
859 1245 953 1309 quem
988 1228 1084 1295 etium
1116 1230 1217 1295 solam

87 1334 244 1399 daturum
270 1352 305 1398 se
333 1332 476 1398 dominus
504 1332 656 1415 quidquid
683 1335 789 1397 oratus
818 1333 913 1397 fuerit
940 1330 1156 1416 repromittit?
1183 1332 1217 1397 et

88 1437 211 1502 idcirco
238 1436 355 1519 absque
381 1436 598 1502 haesitationis
628 1435 814 1501 infidelitate
842 1434 987 1517 precibus
1009 1435 1217 1503 insistendum

58 1544 137 1605 uest
166 1542 409 1623 obtenturosque
435 1558 492 1605 nos
521 1558 628 1605 earnm
656 1540 790 1624 iugitate
811 1543 924 1605 cuneta
946 1558 1025 1620 quae
1047 1539 1217 1603 secundum

89 1644 186 1709 deum
216 1644 445 1727 poposcerimus
473 1643 603 1709 minime
630 1642 851 1709 dubitandum.
888 1643 1032 1708 hortatur
1054 1642 1137 1707 eninr
1161 1652 1246 1717 nos5

89 1747 237 1813 dominus
264 1746 372 1812 uolens
399 1766 437 1811 ee
462 1747 643 1829 quaesunt
669 1749 795 1811 aeterne
818 1745 1026 1828 caelestiaque
1046 1747 1216 1829 praestare,

90 1854 125 1915 ut
162 1869 239 1915 eum
273 1851 499 1933 inportunitate
536 1854 644 1915 nostra
680 1850 906 1932 quodammodo
942 1849 1125 1924 coartamus,
1163 1849 1216 1930 qui

91 1954 279 2037 inportunos
311 1972 374 2019 non
406 1952 497 2019 modo
530 1971 593 2020 non
626 1952 760 2035 despicit
792 1971 848 2018 nec
874 1952 1002 2033 refutat,
1038 1952 1093 2017 sed
1123 1952 1216 2017 etiam

61 2058 210 2123 niuuitat
236 2059 269 2123 et
295 2056 412 2133 laudat,
448 2060 552 2140 eisque
580 2058 807 2139 praestiturum
831 2075 865 2122 se
899 2056 1049 2138 qrnidquid
1076 2072 1216 2138 perseue-

89 2167 199 2227 ranter
217 2162 409 2244 sperauerint
430 2160 654 2245 benignissime
674 2162 840 2244 pollicetur
863 2159 987 2225 dicens:
1010 2157 1155 2241 petite,
1179 2160 1216 2223 et

89 2264 322 2347 accipietis:
367 2266 566 2349 quaerite,
609 2270 648 2331 et
690 2265 928 2330 inuenietis:
969 2262 1142 2345 pulsate,
1179 2263 1216 2325 et

91 2369 299 2450 aperietur
327 2368 452 2434 uobis.
489 2371 615 2435 omnis
646 2370 746 2435 enim
769 2370 837 2451 qui
862 2368 965 2451 petit
987 2364 1155 2447 accipit,
1179 2366 1216 2429 et

91 2474 153 2553 qui
201 2472 357 2555 quaerit
399 2473 574 2555 inuenit,
617 2477 655 2538 et
698 2471 882 2555 pulsanti
926 2470 1145 2553 aperietur,
1183 2470 1216 2531 et

63 2575 222 2641 aiterum:
256 2576 386 2642 omnia
418 2594 684 2659 quaecumque
717 2575 927 2660 petieritis
960 2574 1001 2638 in
1034 2571 1216 2636 oratione

92 2680 298 2745 credentes
342 2679 568 2763 accipietis,
618 2680 657 2744 et
698 2678 802 2745 nihil
847 2675 1093 2762 inpossibile
1135 2672 1215 2738 erit

92 2782 213 2846 uobis.
252 2785 286 2848 et
316 2783 431 2848 idcirco
462 2783 491 2848 si
519 2785 650 2848 cunctae
677 2801 734 2847 uos
763 2783 996 2848 exauditionum
1023 2797 1099 2862 quas
1125 2786 1243 2861 pree-6

92 2884 226 2950 diximus
247 2903 359 2952 musae
381 2887 506 2951 omnino
529 2885 685 2964 deficiunt,
708 2886 818 2952 saltim
841 2885 959 2951 animet
976 2880 1214 2965 inportunitatis

92 2986 252 3071 nstantia,
281 3007 358 3070 quae
385 2990 502 3072 absque
528 2992 594 3056 ulla
614 2990 668 3055 uel
690 2991 797 3056 meriti
819 2991 870 3055 uel
892 2990 1007 3056 laboris
1030 2985 1215 3054 difficultate

63 3089 123 3154 ain
151 3091 373 3174 cuiuscumque
405 3092 542 3158 uolentis
564 3095 627 3159 sita
652 3099 700 3159 est
721 3095 887 3177 potestate.
924 3111 980 3175 pro
1004 3096 1086 3158 certo
1110 3092 1214 3156 autem

92 3211 153 3258 ucu
180 3194 406 3260 exaudiendum
428 3215 461 3262 se
482 3197 659 3279 supplicans
688 3198 819 3280 quisque
849 3213 909 3261 non
933 3196 1066 3276 dubitet,
1090 3212 1161 3260 curn
1182 3213 1214 3257 se

92 3293 282 3363 dubitauerit
314 3299 460 3364 exaudiri.
498 3302 579 3382 quod
608 3307 714 3365 autem
747 3299 991 3382 infatigabiliter
1019 3302 1061 3364 sit
1089 3297 1213 3362 domino

192 3483 225 3538 16
242 3481 306 3537 Iruc.
325 3484 367 3549 11,
385 3484 472 3539 9-10
572 3485 608 3540 20
625 3485 675 3540 Mt
693 3485 735 3549 21,
752 3487 793 3540 22.
813 3487 855 3552 17,
875 3486 908 3540 19

139 3653 392 3724 2coutemplnticni
413 3655 449 3711 V·
532 3657 610 3727 quas]
628 3673 654 3725 q,
672 3657 702 3712 D
787 3656 970 3712 3destitutus
991 3654 1018 3709 V
1104 3655 1213 3708 beena-

92 3739 131 3806 pis
153 3739 199 3797 V¹:
231 3743 334 3811 sinapis
355 3743 416 3798 rell.
519 3743 590 3812 prof.
611 3743 665 3799 VD
774 3745 791 3798 6
818 3742 942 3796 discribit
967 3741 1051 3797 D¹W
1151 3754 1213 3792 uam

95 3824 131 3880 lV
213 3828 353 3896 inpurtuu.
376 3827 402 3883 V
484 3829 598 3884 uiolenti
619 3830 646 3885 V
734 3829 895 3898 8quicquid
915 3827 968 3884 ΟΧ
1059 3827 1089 3879 11
1109 3826 1213 3880 nemine

95 3911 118 3967 0
205 3913 341 3968 anemius
352 3914 381 3968 P
470 3917 576 3970 ortatur
590 3916 630 3970 W
718 3916 753 3970 14
764 3915 920 3985 inportunos
933 3913 1051 3969 euanuit
1061 3913 1093 3966 ic
1108 3911 1145 3967 W

92 4013 137 4053 noc
148 4015 202 4053 nou
214 3998 292 4054 modo
310 3999 343 4053 X
427 3999 539 4069 dispicit
550 4000 619 4056 D¹P
702 4003 735 4056 15
745 4000 872 4070 quicquid
887 3999 1021 4056 Wox
1106 3997 1137 4052 16
1156 4011 1212 4065 spe·

92 4085 205 4139 reuirint
219 4084 255 4140 V¹
337 4084 370 4139 17
383 4085 522 4155 accepistis
537 4086 572 4140 V¹
659 4087 694 4140 18
705 4087 824 4155 accepD
909 4086 942 4140 21
955 4085 1093 4154 accepistis
1109 4083 1144 4137 V¹

93 4168 123 4224 Q
139 4170 265 4225 deficiant
286 4170 326 4224 W
421 4171 518 4224 saltem
539 4171 604 4228 WO
706 4173 843 4240 inpurtuu.
865 4171 900 4227 V¹
1002 4169 1212 4226 adiuuantium

95 4254 478 4325 Viustantiaquodpracatur
490 4257 603 4326 accipiet
618 4257 657 4314 W
730 4257 967 4312 25ucluutatieD
1042 4254 1210 4326 aequisque]

93 4341 161 4408 quiid
182 4341 208 4396 V
305 4342 342 4411 sc]
361 4341 385 4394 ei
406 4341 440 4396 V¹
