3009 5200
439 429 602 485 conlatio
624 429 687 494 XII,
706 431 816 484 11-12.
1126 433 1190 499 353

67 619 207 702 puritatis
232 623 271 686 ad
293 620 496 686 obtinendam
525 639 591 687 eam
620 620 700 686 nihil
722 621 915 704 praeiudicet
936 622 1002 688 ista
1022 623 1189 700 ooumotio‚

66 742 155 806 quam
183 725 260 790 huso
288 725 356 790 sola
382 724 544 789 interdum
567 726 748 789 attentum
774 742 830 806 per
852 741 996 807 soporem
1017 725 1190 790 necessitas

65 827 216 906 excitarit,
240 827 404 892 sciendum
426 831 532 893 tamon
555 828 612 905 ost,
635 829 716 909 quod
737 827 786 892 ita
808 828 836 892 si
858 829 1003 893 oonmota
1018 827 1136 894 fustist
1150 828 1190 892 ad

64 931 198 1012 quietem
220 931 379 1013 propriam
401 930 592 996 reducantur
614 929 772 996 uastitatis
794 930 936 1015 imperio,
961 935 1083 997 utnon
1097 931 1189 995 modo

46 1053 131 1100 eoum
169 1036 257 1100 nullo
294 1035 428 1118 pruritu,
461 1035 515 1100 sed
550 1053 588 1098 ne
622 1051 693 1099 oum
725 1033 858 1100 minima
889 1035 1015 1118 quidem
1049 1035 1190 1100 libidinis

63 1139 273 1204 reeordatione
305 1137 460 1204 sedentur.
506 1139 538 1203 st
571 1138 696 1214 ideireo,
730 1141 768 1204 ut
800 1155 872 1203 uum
909 1139 979 1222 loge
1010 1139 1108 1203 animi
1140 1137 1221 1202 1015

62 1259 182 1323 quoque
210 1244 362 1324 oongruat
393 1240 572 1325 corporalis,
602 1241 698 1306 etiam
727 1240 761 1304 in
791 1241 889 1327 ipsius
921 1259 1020 1324 aquae
1046 1244 1191 1323 potuita

63 1349 106 1408 est
140 1344 291 1410 nimietas
325 1344 518 1428 eastigunda,
553 1348 591 1410 ιιι
618 1343 737 1409 umoris
771 1344 920 1410 ootidiuni
954 1344 1014 1409 illa
1049 1344 1190 1409 oolleotio

62 1446 182 1529 pigrius
215 1447 360 1512 metuetis
389 1447 521 1513 influens
549 1447 698 1512 membris
726 1446 820 1512 illum
848 1466 942 1530 quem
974 1445 1190 1512 ineuitabilem

36 1552 181 1632 reputatis
210 1552 345 1633 eorporis
373 1551 494 1617 motum
517 1569 579 1616 non
601 1551 704 1617 solum
732 1550 939 1634 rarissimum,
962 1569 1071 1615 uemm
1093 1550 1190 1614 etiam

63 1652 185 1718 lentum
207 1653 321 1718 reddat
342 1671 379 1719 uu
398 1655 549 1736 tepidum,
572 1653 785 1736 frigidumque
806 1658 843 1718 ut
863 1653 913 1718 itu
934 1653 1068 1720 dixerim·
1086 1653 1190 1736 ignom

64 1759 91 1820 et
114 1756 233 1838 absque
254 1756 350 1822 ullius
373 1756 545 1822 adustionis
568 1756 676 1821 ardore
698 1757 855 1821 rorantem
877 1757 1009 1821 susoitet
1029 1755 1190 1820 flammam

63 1858 164 1924 instar
185 1859 381 1926 admirabilis
405 1860 491 1926 illius
513 1860 688 1944 Moysaioae
711 1860 853 1936 uisionis‚
882 1863 920 1924 ut
943 1858 1045 1924 omnis
1067 1861 1190 1922 nostras

64 1961 157 2027 mbus
187 1961 313 2027 innoxio
342 1963 415 2045 igne
438 1962 632 2028 oiroumduts
661 1979 723 2027 uon
745 1966 866 2041 uratur,
889 1963 941 2026 uel
963 1962 1047 2026 siout
1060 1961 1189 2026 illomm

36 2086 57 2124 ιι
65 2065 159 2130 trium
183 2063 343 2144 iuuenum
367 2064 479 2148 quibus
502 2065 549 2130 ita
569 2069 694 2131 rorante
709 2065 824 2149 spiritu
840 2064 974 2130 fornaois
989 2063 1191 2128 chuuaeieae

65 2166 190 2232 flamma
214 2165 355 2234 disonusu
376 2173 433 2250 est,
457 2171 495 2233 ιιι
516 2187 573 2234 use
596 2168 725 2251 oapiilos
747 2185 853 2234 eorum
876 2171 933 2232 aut
953 2165 1094 2232 fimbrias
1116 2168 1191 2231 odor

64 2273 144 2355 ignis
167 2271 308 2347 adflaret,
332 2275 369 2336 ut
389 2271 470 2338 illud
485 2271 711 2354 quodammodo
727 2274 809 2352 quod
825 2271 945 2337 sanetis
959 2268 1190 2353 repromittitur

65 2395 115 2458 per
137 2373 324 2457 prophetam
347 2373 531 2457 incipiamus
554 2373 668 2438 iamin
684 2373 742 2437 hoo
764 2391 890 2455 corpore
911 2371 1083 2455 possidere:
1106 2389 1190 2435 oum

66 2478 336 2544 ambulaueris
358 2477 587 2560 perignem,
604 2494 676 2542 non
698 2474 951 2554 ooubureris‚
974 2474 1191 2539 etilamma

37 2602 135 2647 enon
159 2579 317 2647 ardebit
338 2582 379 2647 iu
401 2583 446 2645 te.

104 2702 179 2767 XII.
203 2701 320 2785 Magna
340 2703 424 2768 euim
445 2720 520 2767 uere
534 2704 628 2785 atque
643 2702 776 2767 mirifica
791 2704 865 2767 sunt
879 2719 937 2766 neo
951 2697 1012 2765 ulli
1027 2699 1191 2764 hominum

66 2807 189 2888 penitus
218 2806 278 2869 nisi
306 2804 355 2869 his
377 2806 502 2870 tantum
525 2807 578 2887 qui
601 2806 719 2889 experti
748 2805 824 2870 sunt
845 2807 921 2870 nota
942 2821 1022 2887 quae
1044 2802 1190 2867 dominus

65 2907 211 2973 fidelibus
240 2908 305 2972 suis
339 2908 440 2973 adhue
466 2910 500 2973 in
528 2908 590 2974 isto
619 2908 827 2992 corruptionis
857 2908 985 2973 uasoulo
1013 2903 1193 2972 eonstitutis

66 3010 216 3077 ineffabili
243 3010 435 3077 liberalitato
461 3012 604 3096 largitur.
644 3028 723 3093 quae
744 3012 896 3096 propheta
917 3010 1032 3075 mentis
1053 3010 1193 3091 puritate

39 3114 260 3196 uperlnstrans
283 3118 348 3179 tam
371 3134 407 3181 en
428 3133 485 3180 suu
507 3134 600 3197 quam
623 3132 658 3179 ex
679 3114 809 3180 illorum
831 3132 962 3197 persona
985 3112 1039 3195 qui
1059 3113 1092 3177 in
1107 3111 1193 3175 huno

66 3220 185 3283 statum
200 3216 409 3300 affectumque
425 3218 609 3302 perueniunt
631 3216 832 3283 exolamauit:
855 3219 951 3283 mira
973 3218 1193 3298 operatua,

65 3327 101 3385 et
138 3320 272 3386 anima
308 3338 390 3385 mea
423 3320 631 3405 eognosoit
664 3318 794 3387 nimis.
832 3319 972 3403 alioquin
1005 3318 1085 3384 nihil
1120 3316 1192 3382 noui

169 3508 201 3561 13
225 3505 407 3569 of.Ex.3‚2
511 3506 543 3559 15
567 3504 600 3561 oi.
618 3504 687 3562 Dan.
704 3506 728 3570 3,
752 3504 788 3559 94
892 3506 925 3559 18
947 3504 1018 3557 Esai.
1041 3504 1124 3571 422

65 3593 238 3659 offulas,
259 3592 291 3647 14

114 3764 128 3817 1
154 3766 212 3830 opt
232 3762 292 3813 ΣΤ
392 3761 490 3815 thaso
508 3777 559 3817 ora.
578 3764 604 3815 P
704 3764 812 3815 tantum
829 3761 941 3828 scripsi:
970 3762 1060 3814 tumen
1078 3759 1193 3815 roomo

64 3848 97 3915 cf.
120 3863 181 3917 oop.
200 3850 283 3913 16,2
384 3847 401 3902 3
424 3848 563 3903 suscitarit
587 3848 617 3899 Π
717 3848 734 3901 5
759 3846 862 3915 pruritu
885 3847 924 3898 Πι
1027 3861 1077 3899 neu
1100 3845 1125 3898 0

66 3934 79 3986 1
96 3932 249 4002 eorporalea
266 3931 305 3985 Π1
395 3934 413 3987 8
429 3933 549 3987 humoris
567 3933 622 3986 ΤΟ
708 3932 844 3987 ootidiaua
861 3934 891 3984 Π
918 3931 1061 3986 cottidiani
1077 3934 1103 3984 ι’
1127 3946 1192 4000 quo·

64 4020 161 4075 titiani
181 4019 205 4075 0
296 4020 313 4073 9
330 4018 442 4087 pigrius]
461 4020 535 4086 prius
552 4020 602 4073 Hs
693 4018 724 4073 12
742 4018 835 4073 ardore
848 4018 950 4083 (eodo.
961 4034 997 4071 ιιι.
1009 4019 1041 4086 2)
1059 4020 1191 4071 errantem

65 4107 92 4157 Π
115 4107 253 4160 rotantem
266 4103 292 4156 0
373 4104 405 4159 13
416 4106 546 4159 mosaicae
558 4104 641 4158 ΣΤΟ
721 4106 755 4159 15
766 4104 918 4159 chaldeioae
933 4104 1014 4157 ΠΨ
1040 4103 1193 4158 ohaldaioae

64 4190 165 4245 H‘Y’p
187 4189 322 4243 midaioao
336 4189 361 4242 Ο
446 4190 480 4245 16
492 4190 597 4245 dissum
608 4190 647 4241 11¹
733 4189 877 4259 neo]qu
964 4190 995 4244 17
1006 4189 1193 4258 repromititur

65 4275 90 4327 n
178 4275 212 4330 18
233 4275 302 4345 prof.
326 4275 381 4328 ΠΟ
472 4276 505 4330 19
522 4276 646 4330 oouburis
665 4275 703 4327 11¹
795 4275 830 4331 24
847 4275 914 4345 prof.
931 4276 962 4328 11
1046 4275 1080 4330 27
1098 4290 1194 4344 eogno-

66 4362 125 4431 aoit]
144 4360 224 4416 nobit
242 4362 268 4415 Ο

116 4464 195 4519 xm.
230 4482 326 4525 ema
1056 4464 1090 4519 23
