3009 5200
281 421 344 488 318
670 418 836 473 Iohannis
854 417 1013 472 Cassiani

282 609 417 674 motione
453 607 636 674 concludens
672 625 790 689 nune,
821 609 934 691 iuquit,
971 614 1104 674 manet
1140 608 1259 685 fides,
1294 627 1410 693 spes,

281 712 453 786 caritas,
478 711 560 776 tria
587 711 691 776 haec.
729 709 805 776 fides
833 730 968 795 nemque
997 715 1047 777 set
1071 730 1151 794 quae
1170 712 1270 779 futuri
1290 711 1413 778 iudicii

281 831 319 878 ac
347 814 568 896 suppliciorum
596 816 683 878 metu
711 814 861 879 uitiorum
883 814 959 879 iacit
984 816 1129 899 contagia
1149 814 1309 892 declinari,
1329 833 1413 898 spes

282 934 360 1000 quae
382 919 520 982 mentem
541 919 678 982 nostram
700 917 738 981 de
759 917 972 998 praesentibus
1000 935 1134 984 auocans
1155 917 1318 985 uniuersae
1332 935 1414 983 cor-

282 1019 365 1102 poris
381 1018 557 1103 uoluptates
572 1018 752 1086 caelestium
766 1019 976 1102 praemiorum
989 1020 1203 1102 expectatione
1217 1020 1412 1096 contemnit,
1437 1043 1452 1082 e

282 1122 395 1186 caritas
423 1140 502 1204 quae
531 1139 587 1188 uos
616 1123 655 1188 sd
677 1139 814 1188 amorem
841 1120 957 1190 christi
979 1126 1012 1187 et
1033 1123 1223 1206 spiritalium
1243 1122 1414 1188 uirtutum

282 1225 421 1290 fructum
449 1224 562 1290 mentis
590 1227 696 1290 ardore
724 1225 922 1302 succendens,
951 1226 1101 1309 quidquid
1121 1225 1188 1290 illie
1211 1226 1411 1292 contrarium

282 1330 340 1406 eet,
361 1329 427 1392 toto
450 1327 524 1392 facit
546 1327 616 1392 odio
638 1328 798 1392 detestari
835 1346 914 1411 quae
936 1329 1000 1393 tria
1026 1328 1104 1394 licet
1126 1329 1167 1394 ad
1188 1348 1286 1396 uuum
1306 1329 1412 1395 linem

283 1431 408 1496 tendere
435 1429 603 1496 uideantur
628 1431 812 1511 (prouocaut
837 1432 923 1498 enim
943 1448 1000 1496 noe
1021 1431 1155 1498 erebus
1179 1431 1308 1498 inlicitis
1329 1431 1410 1498 aba·

283 1533 407 1614 tinere),
430 1531 555 1614 magnis
576 1536 682 1598 tamen
704 1534 905 1600 excellentiae
929 1553 1004 1601 suae
1024 1534 1175 1620 gradibus
1194 1536 1234 1601 ab
1263 1535 1412 1600 inuicem
1422 1561 1450 1600 ιο

253 1635 489 1720 3disparautur.
531 1634 592 1699 ouo
624 1654 757 1718 nemque
788 1638 947 1720 superiora
978 1638 1100 1722 proprie
1131 1637 1293 1704 hominum
1326 1644 1412 1704 suut

284 1757 389 1804 eorum
412 1741 465 1821 qui
486 1740 525 1804 ad
547 1738 721 1822 prefectum
742 1740 906 1806 tendentes
925 1741 1059 1808 necdum
1073 1741 1221 1807 allectum
1236 1759 1412 1824 concepere

283 1844 448 1920 uirtutum,
476 1843 604 1908 tertium
631 1843 809 1926 specialiter
839 1843 891 1908 dei
913 1845 962 1909 eet
993 1847 1025 1908 et
1056 1861 1164 1910 eorum
1192 1846 1247 1926 qui
1273 1844 1306 1909 iu
1335 1863 1412 1910 sese
1442 1902 1445 1908 .

283 1944 452 2028 imaginem
473 1944 524 2010 dei
547 1962 583 2010 ac
605 1944 846 2010 similitudinem
860 1949 1051 2026 receperunt
1082 1945 1140 2012 ille
1160 1965 1293 2029 namque
1313 1947 1410 2012 solus

284 2065 425 2132 eaquae
453 2047 534 2112 boue
554 2051 628 2112 sunt
655 2045 743 2112 nullo
769 2051 867 2125 metu,
896 2048 985 2112 uuila
1012 2049 1271 2114 remunerationis
1298 2052 1448 2132 gratiane

284 2153 481 2235 prouocante,
504 2149 558 2214 sed
573 2149 637 2214 solo
653 2147 804 2214 bonitatis
826 2153 970 2231 operatur
991 2147 1116 2214 affeetu.
1152 2151 1285 2218 omnia
1306 2153 1408 2230 enim,

283 2259 320 2321 ut
341 2255 387 2320 ait
409 2253 564 2329 Salomon,
598 2259 784 2336 operatus
811 2259 871 2316 est
891 2252 1072 2319 domiuus
1095 2260 1255 2337 propter
1276 2258 1410 2319 semet

283 2361 421 2444 ipsum.
467 2374 541 2421 snae
577 2374 708 2438 namque
737 2353 888 2421 bonitatis
924 2356 1055 2422 obtentu
1090 2375 1214 2421 omnem
1250 2355 1410 2422 bonorum

284 2568 385 2650 potest
421 2580 479 2629 uec
514 2561 736 2645 iniquitatibus
778 2563 941 2628 homiuum
984 2562 1179 2646 passibiliter
1221 2564 1446 2647 permoneri,ee

284 2687 406 2749 semper
427 2664 548 2732 scilicet
568 2684 698 2731 maneus
712 2668 853 2749 perlecta
871 2666 996 2731 bouitas
1010 2667 1266 2751 inmutabilisque
1281 2669 1409 2732 natura

327 2770 398 2838 vn.
427 2770 461 2836 Si
488 2772 557 2852 quie
584 2770 682 2853 igitur
710 2768 750 2833 ad
777 2769 999 2853 perfectionem
1028 2770 1141 2849 tendit,
1166 2770 1206 2834 de
1225 2770 1282 2835 illo
1302 2770 1408 2852 primo

285 2875 408 2941 timoris
437 2874 536 2959 gradu
564 2890 656 2954 quem
682 2874 807 2955 proprie
835 2874 972 2939 diximus
1000 2893 1068 2939 esee
1093 2874 1251 2949 senilem,
1278 2874 1317 2938 ‹le
1343 2891 1409 2955 quo

285 2978 414 3046 dicitur:
442 2995 525 3041 cum
551 2978 679 3041 omnia
700 2976 904 3061 feceritis,
931 2978 1073 3042 dieite:
1102 2978 1195 3058 quia
1216 2976 1325 3040 serui
1345 2976 1408 3039 iu·

286 3080 412 3147 utiles
433 3098 578 3163 sumus,
601 3080 640 3144 ad
663 3079 809 3144 altiorem
830 3082 897 3163 spei
923 3081 1084 3146 tramitem
1104 3080 1206 3164 gradu
1226 3077 1444 3162 proficientes

286 3184 477 3262 conscendet,
505 3184 559 3265 qui
587 3184 651 3249 iam
679 3201 741 3248 nou
770 3201 869 3267 seruo,
896 3186 951 3250 secl
975 3184 1186 3250 mercennario
1208 3184 1408 3263 conparatur,

286 3288 360 3373 qnia
381 3287 552 3353 mercedem
573 3286 789 3353 retributionis
814 3290 958 3370 expectet
978 3292 1011 3352 et
1033 3288 1123 3373 quasi
1144 3286 1183 3351 (le
1204 3286 1406 3369 peccatorum

286 3392 482 3458 absolutione
503 3394 535 3455 et
555 3390 677 3474 poenali
700 3392 813 3456 timore
833 3409 959 3456 securus
979 3411 1018 3457 ac
1038 3391 1189 3456 bonorum
1203 3386 1264 3453 sibi
1277 3405 1407 3469 operum

286 3494 436 3577 conscius
463 3494 538 3560 licet
564 3491 676 3577 placiti
697 3494 871 3575 praemium
896 3494 1042 3559 uideatur
1061 3502 1215 3577 expetere,
1236 3497 1342 3557 tamen
1365 3488 1407 3551 ad

285 3600 431 3665 affectum
460 3596 553 3661 illum
580 3596 650 3679 lilii,
673 3598 728 3678 qui
750 3598 789 3661 de
810 3599 957 3680 paternae
978 3596 1193 3679 indulgentiae
1214 3593 1442 3659 liberalitates·

389 3766 677 3830 llcer.13,13.
730 3765 954 3829 remeares
1054 3763 1285 3829 uolnerum

338 3924 514 3995 linquidll
607 3922 827 3977 maneutll’l‘o
921 3919 1145 3974 teteritaeo
1238 3916 1407 3972 affin-re

286 4017 312 4067 'l'
409 4010 563 4081 templi
650 4008 865 4078 contempnitss
963 4006 1146 4062 §brino
1245 4001 1407 4073 'lquiclquit

287 4096 580 4170 nquioqurnnmo
674 4094 762 4150 illiO
861 4094 1038 4148 Stactarit
1139 4084 1409 4159 llaepmnturll

286 4184 509 4256 dispatranturO
594 4183 707 4239 ΜΠ
797 4180 1118 4236 lomancrationull‘
1202 4171 1406 4232 liniamont

287 4275 414 4343 (puin)
438 4272 609 4327 eruloruoul'¹
691 4266 821 4323 ramo
899 4265 1142 4321 ilicone-oaesi?
1216 4261 1341 4318 muln·

286 4357 509 4413 zitimorraw
610 4351 812 4409 mosomo
