3009 5200
272 404 338 471 δᾶ)
668 402 836 459 Iohannis
859 402 1005 461 Cassian

246 595 366 663 iseusu
387 594 532 681 indigene
550 593 752 661 ueniubiliter
773 592 977 661 admissam?
998 593 1076 661 tneo
1094 612 1170 679 erge
1184 598 1218 661 et
1232 594 1336 661 oeten
1349 594 1400 661 his

274 698 393 767 similia
424 698 613 765 detrimenta
641 699 772 782 qusque
793 698 1001 781 perpenderit,
1029 717 1093 765 uon
1122 699 1227 763 sotum
1252 700 1401 765 minem

274 803 457 869 damuorum
493 818 617 888 genera,
653 801 707 869 ssd
743 802 840 869 etiam
877 801 1064 869 iniurium
1098 804 1193 885 atquo
1227 818 1401 886 pesum

276 924 485 991 quamque
505 908 639 988 possunt
660 924 680 971 a
701 904 927 972 omdolismmis
940 905 1080 990 inrogari
1100 904 1187 973 facili
1211 905 1401 971 sustenteti-

274 1026 332 1075 one
367 1009 524 1093 despiciet,
561 1009 642 1077 nihil
677 1007 905 1091 dispendiosius
940 1009 1103 1076 mamudia
1137 1028 1194 1075 neo
1231 1009 1439 1093 pretiosius

274 1112 506 1196 truuqmllitate
528 1112 627 1181 ammi
647 1130 685 1179 ao
704 1114 854 1198 perpetua
881 1112 984 1179 oordis
1013 1113 1064 1179 sui
1085 1111 1230 1179 iudieuns
1249 1113 1401 1197 purim

274 1215 315 1285 ob
351 1234 445 1299 quam
480 1234 541 1284 nou
578 1216 679 1285 solum
715 1216 901 1294 uernalium,
938 1215 994 1283 sed
1027 1218 1128 1283 etiam
1156 1216 1288 1283 illarum
1320 1236 1402 1301 quae

274 1320 433 1403 spiritales
462 1322 607 1389 uidentur
636 1340 743 1387 rerum
770 1321 944 1405 spernenda
971 1322 1049 1386 sunt
1075 1319 1246 1399 eommoda
1269 1321 1298 1386 ei
1320 1320 1401 1386 aliae

274 1424 396 1508 adquiri
417 1425 468 1491 uel
491 1424 600 1511 pertioi
619 1424 681 1491 nisi
702 1446 774 1493 oum
796 1426 889 1493 iuius
910 1424 1154 1508 tnapuiliitutis
1169 1423 1402 1508 pannonum

273 1548 335 1599 uou
356 1528 496 1612 possunt.
1409 1549 1438 1589 ιο

317 1648 386 1714 XV.
410 1666 611 1717 unumst
644 1650 731 1719 Siout
764 1656 940 1719 oeteromm
972 1654 1148 1730 uulnerum,
1181 1650 1215 1717 id
1248 1651 1298 1717 eet
1326 1652 1401 1730 ineo,

276 1752 432 1835 tristitiae,
461 1754 676 1839 inpatientiae,
709 1774 765 1838 per
796 1756 1003 1823 obiectionem
1035 1754 1263 1822 eontrariarum
1295 1772 1401 1820 rerum

275 1855 410 1921 medella
431 1860 605 1924 monstrnta
625 1862 683 1939 est,
707 1859 756 1926 ita
776 1862 871 1927 etium
894 1866 1004 1926 eontra
1018 1861 1166 1943 spiritum
1182 1857 1402 1925 iornieationis

276 1960 358 2041 quod
380 1962 550 2028 curationis
571 1980 671 2046 genus
692 1982 750 2030 nos
771 1966 918 2047 oporteat
938 1963 1087 2029 adhibere
1108 1961 1254 2028 uolumus
1268 1960 1401 2039 edormi,

275 2062 308 2127 id
344 2068 391 2129 est
428 2068 534 2131 utrum
577 2069 844 2152 eonmpisoentiae
885 2068 968 2152 iguis
1010 2067 1178 2151 prewssitis
1213 2065 1298 2131 ment
1333 2064 1438 2131 illiers

275 2164 447 2233 maioribus
470 2170 688 2236 imitationum
717 2172 896 2255 augmentis
918 2173 1018 2256 possit
1039 2170 1195 2255 extingui:
1218 2168 1301 2253 quod
1321 2168 1402 2234 satie

275 2270 413 2336 oestitati
435 2272 590 2339 eredimus
611 2290 678 2339 esso
701 2276 904 2353 eontrarium,
930 2274 958 2340 si
980 2290 1042 2339 nou
1055 2274 1158 2339 solum
1173 2274 1403 2358 exaggerentur

274 2375 307 2437 iu
338 2375 428 2440 nobis
450 2376 590 2443 libidinis
612 2378 781 2457 iuuentiuu,
811 2382 866 2445 sed
887 2378 941 2444 uel
960 2378 1177 2461 praetereunte
1198 2375 1404 2461 adfinguntur

273 2478 389 2542 mentis
409 2478 539 2545 intuitu

316 2598 401 2666 XVI.
423 2617 614 2670 lemnus:
636 2603 866 2686 Quaestionem,
888 2621 967 2686 quae
989 2605 1085 2669 etiem
1109 2601 1289 2668 taeentibus
1309 2597 1438 2666 uobieao

274 2705 484 2771 narrationem
507 2711 647 2772 nostrum
669 2707 772 2772 iuerat
792 2710 952 2785 secutura,
966 2723 1062 2790 sagax
1076 2703 1281 2788 iuterrogatio
1295 2705 1402 2770 neema

273 2811 447 2891 praeuenit,
470 2813 503 2876 st
532 2810 646 2877 ideireo
668 2811 837 2877 effioeeiter
858 2831 927 2877 eam
948 2809 1091 2877 sensibus
1119 2809 1236 2874 uestris
1263 2805 1401 2890 eoneipi-

276 2910 386 2977 endam
410 2931 477 2978 esse
492 2932 553 2979 uon
568 2915 703 2998 ambigo,
722 2919 842 3000 quaudo
858 2914 999 3000 equidem
1014 2913 1247 2980 iustitutionem
1262 2915 1402 2976 nostram

275 3031 405 3080 acumen
427 3017 525 3082 uestri
546 3019 716 3099 praeeessit
744 3017 875 3103 ingenii.
911 3017 977 3084 eine
999 3016 1106 3083 labore
1126 3014 1210 3080 enim
1233 3012 1402 3079 ouiuslibet

276 3117 468 3201 quaestionis
505 3119 696 3187 dilueidutur
731 3119 919 3204 obscuritas,
962 3139 1035 3187 oum
1070 3117 1298 3186 absolutionem
1335 3117 1435 3181 eines

277 3222 451 3305 antioipuus
464 3221 628 3306 inquisitio
643 3240 703 3306 quo
719 3224 859 3290 dueenda
873 3230 921 3290 eet
936 3222 1105 3289 anteoedit.
1134 3223 1240 3304 itaque
1254 3217 1402 3284 remediis

276 3324 399 3408 quidem
422 3325 549 3392 illorum
572 3347 649 3411 quae
671 3328 923 3412 supradiximus
949 3327 1098 3393 uitiorum
1120 3343 1182 3390 non
1203 3321 1305 3388 solum
1319 3321 1401 3387 nihil

276 3427 427 3508 officiunt,
455 3449 566 3498 uerum
596 3433 690 3498 etiam
720 3433 858 3498 multum
887 3431 1053 3499 oouierunt
1076 3431 1214 3495 humana
1234 3423 1400 3492 eensortia

247 3535 348 3602 inum
377 3532 553 3616 frequentia
585 3535 791 3620 inpetientiae
819 3552 892 3602 suae
922 3534 1061 3600 erebrius
1091 3530 1254 3616 patefacte
1283 3532 1401 3611 quanto

327 3841 470 3897 tiaoiliua
487 3842 516 3896 in
533 3840 712 3912 temptatione
730 3839 789 3896 BF
887 3839 1052 3911 ddispieiet
1075 3838 1103 3893 Z
1201 3834 1401 3907 despmdiosius

277 3925 336 3982 BF
432 3927 566 3982 6th
662 3925 890 3982 SuidmterF'
991 3921 1191 3995 spernandaF
1287 3920 1400 3975 ltteou·

276 4011 483 4067 trun‘uruuul¹
584 4011 875 4071 remmue'm‘
901 4008 1089 4068 nodemuo
1186 4004 1403 4062 summ

278 4097 317 4152 Β·
401 4099 435 4154 ld
450 4099 543 4153 utrm
562 4097 667 4156 ssu:
694 4098 883 4153 utrumetiam
900 4097 981 4167 θ’βσ
1060 4095 1094 4151 16
1110 4092 1334 4162 iuuitotten‘sdo

280 4183 313 4238 18
324 4181 731 4252 adtingantuuutisintuitu
742 4183 837 4241 Bm
863 4179 1277 4251 monendomum&
1293 4176 1333 4246 pe

277 4265 514 4339 fflpquaeff
616 4268 1064 4340 ffiquaudoequidnfflo:
1095 4261 1402 4339 quandoq-oden?

276 4351 317 4422 βυ
416 4353 451 4410 26
469 4355 560 4426 imque
577 4355 609 4411 de
626 4355 685 4412 BF
