3009 5200
289 433 333 502 ᾗ
679 435 847 490 Iohannis
873 433 1031 491 Cassiani

287 623 392 689 cordis
423 622 456 688 in
477 624 592 692 nostris
614 625 757 690 sensibus
777 625 932 708 oriuntur,
961 624 1076 708 quibus
1106 625 1182 692 deus
1212 627 1265 692 nol
1289 628 1420 694 uidetur

291 725 414 792 mundis
444 727 604 794 obtutibus
631 729 682 794 nel
704 729 841 794 tenetur.
879 745 956 811 quaa
978 728 1115 811 profecto
1136 728 1245 794 nullus
1266 735 1418 813 perpetuo

290 827 469 910 retentabit,
503 832 536 896 in
566 849 625 913 quo
654 830 757 898 adbuc
783 831 902 912 aliquid
933 831 1102 899 carnalium
1131 831 1215 898 uiuit
1235 831 1417 915 etiamnum,

288 932 366 1014 qnia
393 950 467 998 non
494 933 661 1014 poteris,
691 932 920 1016 sitdominus,
952 933 1090 1000 uidere
1111 934 1254 1000 faciem
1274 953 1417 1001 meam:

290 1053 364 1102 uon
394 1037 494 1101 onim
525 1035 681 1102 uidebit
709 1055 767 1102 me
797 1035 906 1102 bomo
928 1039 966 1102 et
987 1036 1111 1117 uiuet,
1144 1037 1268 1105 scilicet
1300 1042 1458 1104 mundos

290 1139 364 1206 huic
386 1139 608 1222 affectibusque
630 1139 772 1206 terrenis,

332 1261 417 1328 XVI.
456 1277 655 1328 annunrrvs:
689 1260 770 1341 Quid
803 1279 877 1345 ergo
909 1263 956 1325 est
986 1261 1195 1343 quodetiam
1223 1262 1416 1343 nolentibus,

289 1365 387 1431 immo
408 1382 482 1430 uero
504 1366 599 1430 etiam
622 1363 835 1430 nescientibus
857 1363 946 1430 nobis
961 1363 1008 1429 ita
1023 1364 1196 1447 superfluae
1210 1365 1416 1449 cogitationen

286 1466 450 1533 subtiliter
479 1485 514 1533 ac
543 1469 676 1532 latenter
706 1467 864 1550 inrepunt,
897 1468 936 1531 ιιι
964 1485 1026 1532 non
1052 1469 1153 1534 solnm
1176 1486 1228 1534 eas
1250 1470 1415 1552 expellere,

289 1587 398 1636 uerum
420 1572 514 1636 otiam
536 1571 721 1654 intellegere
742 1589 781 1637 ac
802 1570 1028 1655 deprehendere
1058 1570 1254 1638 difficultatis
1278 1573 1455 1637 inmuni-re

289 1691 344 1740 cae
368 1673 433 1739 eit?
467 1674 571 1754 potest
592 1692 667 1756 erqo
689 1692 778 1739 mens
801 1674 967 1756 aliquando
990 1674 1030 1739 ab
1050 1673 1123 1740 istis
1144 1693 1245 1741 neena
1264 1675 1416 1758 repperiri

289 1778 323 1842 et
343 1793 514 1860 numquam
536 1775 750 1842 huiuscemodi
773 1776 982 1843 inlusionibus
1005 1777 1178 1844 incursari?

331 1911 434 1980 XVII.
468 1930 613 1979 mouens:
648 1915 788 1980 Mentem
819 1913 945 1998 quidem
968 1932 1027 1981 non
1049 1913 1246 1998 interpellari
1268 1915 1415 2000 cogitati·

288 2015 399 2082 onibus
428 2016 611 2099 inpossibile
642 2021 697 2099 est,
729 2019 882 2100 suscipere
906 2037 979 2085 nero
1002 2037 1053 2085 eas
1076 2020 1143 2085 siue
1165 2022 1307 2103 respiraro
1329 2020 1414 2085 omni

288 2121 427 2186 studenti
449 2121 594 2204 possibile
616 2124 672 2187 est.
706 2118 968 2204 quemadmodum
991 2122 1090 2206 igitur
1112 2121 1199 2188 ortne
1221 2141 1330 2188 earum
1351 2141 1414 2188 non
1425 2146 1451 2186 ιι

288 2224 474 2289 omnimodis
496 2223 609 2307 pendet
632 2243 650 2290 a
672 2223 772 2310 nobis,
799 2225 844 2290 ita
866 2223 1042 2310 reprobatio
1064 2226 1114 2292 uel
1137 2224 1247 2290 electio
1270 2226 1415 2291 consistit

288 2328 318 2391 in
352 2327 450 2393 nobis.
489 2345 546 2394 nco
581 2329 688 2393 tamon
719 2347 755 2393 er
783 2346 818 2394 eo
854 2328 935 2411 quod
967 2328 1100 2393 diximus
1134 2328 1315 2411 inpossibile
1347 2348 1415 2395 esse

288 2434 425 2496 mentem
448 2431 689 2516 cogitationibus
712 2448 773 2496 non
797 2432 887 2510 adiri,
914 2432 1015 2498 totum
1040 2432 1091 2498 uel
1113 2431 1252 2498 incursui
1274 2432 1326 2496 nel
1348 2431 1413 2497 illis

287 2533 450 2617 spiritibus
482 2533 685 2601 tribuendum
720 2537 769 2598 est
801 2531 855 2617 qui
889 2552 940 2600 eas
971 2535 1061 2601 nobis
1094 2536 1241 2601 nituntur
1261 2537 1411 2621 ingerere.

288 2638 424 2722 alioquin
457 2656 516 2705 nec
548 2638 682 2705 liberum
714 2640 747 2706 in
780 2640 904 2706 homine
937 2642 1077 2705 maneret
1105 2638 1267 2705 arbitrium
1296 2658 1352 2705 nec
1380 2643 1449 2706 ineo

255 2741 375 2808 2nobie
404 2745 503 2807 staret
533 2746 657 2810 nostrae
687 2743 886 2809 correctionis
912 2743 1078 2808 industria.
1115 2742 1170 2807 sed
1192 2746 1249 2823 est,
1273 2742 1412 2826 inquam,

287 2848 428 2910 nostrum
449 2860 563 2928 magna
585 2865 620 2911 cx
642 2848 740 2931 parte,
763 2848 800 2912 ιιι
822 2847 1044 2930 cogitationum
1074 2844 1207 2929 qualitas
1229 2846 1413 2912 emendetur

288 2950 320 3013 et
349 2950 401 3012 uel
431 2950 556 3014 sanctae
578 2967 615 3014 ac
638 2948 795 3031 spiritales
824 2950 858 3015 in
888 2948 1030 3015 cordibus
1058 2948 1174 3014 nostris
1199 2948 1251 3013 uel
1272 2950 1412 3015 terrenae

287 3050 485 3133 carnalesque
508 3054 714 3118 concrescant.
741 3052 812 3118 ideo
836 3070 970 3136 namquo
991 3052 1139 3136 frequens
1160 3050 1254 3116 lectio
1277 3056 1308 3116 et
1330 3052 1412 3137 iugis

287 3152 454 3219 adhibetur
483 3156 645 3221 meditatio
676 3156 910 3242 scripturamm,
941 3163 977 3221 nt
1007 3156 1114 3221 exindo
1145 3155 1235 3220 nobis
1261 3154 1447 3237 spiritaliora

287 3256 455 3322 memoriae
483 3256 669 3340 praebeatur
698 3258 827 3337 occasio,
857 3258 975 3324 ideirco
997 3257 1173 3324 decantatio
1195 3257 1302 3323 crebra
1325 3257 1411 3341 psal-

286 3378 417 3441 morum,
440 3362 476 3425 nt
493 3358 624 3426 adsidua
638 3360 727 3426 nobis
743 3360 851 3426 exinde
867 3364 1049 3445 conpunctio
1064 3362 1272 3444 ministretur,
1292 3360 1409 3428 idcirco

286 3462 468 3546 uigiliarum
491 3479 526 3527 ac
549 3460 736 3529 ieiuniorum
757 3466 992 3547 orationumque
1010 3463 1161 3530 sedulitas
1177 3462 1351 3543 adhibetur,
1374 3469 1410 3529 ut

286 3568 453 3631 extenuata
474 3582 561 3631 mans
582 3584 644 3632 non
667 3565 794 3632 terrena
808 3568 920 3650 sapiat,
943 3568 997 3633 sed
1013 3565 1160 3633 caelestia
1175 3568 1410 3651 contempletur

285 3668 401 3750 quibus
431 3688 553 3735 rursum
584 3671 783 3755 neglegentia
812 3673 969 3755 inrepente
998 3670 1194 3737 cessantibus
1217 3687 1339 3735 necesse
1362 3675 1446 3737 estro

388 3855 406 3908 4
423 3853 470 3907 Ex.
489 3854 532 3922 33,
549 3854 584 3909 20

335 4025 353 4077 2
375 4022 515 4093 optutibus
536 4026 576 4081 W
675 4026 693 4080 3
710 4024 835 4081 adactum
852 4025 892 4080 11¹
994 4026 1109 4097 'lqnodl
1127 4042 1181 4095 qno
1198 4025 1228 4081 D
1329 4025 1411 4079 bor·

284 4110 354 4179 pelle
371 4108 412 4164 D²
515 4110 549 4165 10
571 4108 746 4165 difficultates
767 4110 816 4168 Π*
918 4112 952 4167 13
973 4126 1059 4166 moses
1079 4109 1158 4168 WX¹
1261 4111 1295 4166 14
1313 4110 1410 4181 inposi-

284 4194 339 4249 bile
362 4194 393 4251 D
496 4196 529 4251 le
555 4194 707 4263 reprobatio
730 4196 772 4250 xz
801 4195 923 4265 probatio
946 4196 1046 4252 Divo:
1074 4196 1111 4263 cf.
1130 4196 1181 4263 II,
1200 4198 1244 4262 Id,
1261 4197 1344 4264 Mite·

284 4281 319 4336 18
335 4280 411 4335 illins
429 4280 475 4335 W¹
577 4281 611 4337 2³
627 4280 762 4351 spiritalis
779 4282 825 4338 W¹
927 4284 963 4337 24
985 4284 1151 4352 carnalisque
1167 4282 1210 4337 11¹
1311 4284 1345 4338 25
1363 4282 1410 4337 ab·

284 4366 393 4422 hibetur
410 4367 440 4422 D
542 4367 676 4436 spiritales
692 4367 734 4423 1)ί
838 4368 869 4422 li
889 4370 1034 4439 oonpnnolo
1051 4370 1081 4425 D
