3009 5200
233 425 297 491 508
623 425 788 481 lobannis
808 425 966 480 Cassiani

236 616 288 679 nel
320 615 484 681 traditione
512 620 723 697 perceperant,
744 617 889 697 operibus
911 616 1058 699 experiri:
1086 616 1142 699 qui
1163 634 1266 683 mores
1286 632 1361 681 suos

234 736 272 783 ec
294 716 400 783 studia
421 717 533 799 quibus
555 719 656 785 inbuti
679 718 804 785 fuerant
828 721 1033 795 retentantes,
1058 724 1094 785 ut
1115 721 1162 785 eis
1179 718 1362 802 exprobrari

236 841 256 887 a
288 820 447 887 nonnullis
483 822 573 899 solet,
607 839 668 888 non
707 821 863 903 proiectus
895 821 945 885 sui
978 822 1092 906 gratia,
1125 823 1180 887 sed
1212 823 1362 887 ditandae

238 922 388 1007 egestatis
417 925 601 989 necessitate
635 925 806 989 existimati
839 927 916 990 eunt
944 926 1122 1008 prouincias
1155 926 1361 993 conmutassc.

206 1030 299 1095 3non
329 1027 429 1093 solum
458 1027 543 1091 enim
572 1026 652 1092 nihil
681 1027 869 1093 eruditionis
898 1028 1072 1111 adquirere,
1100 1031 1157 1093 sed
1182 1047 1221 1093 ne
1240 1026 1400 1094 dinh'nss

237 1131 364 1214 quidem
386 1130 418 1195 in
441 1129 490 1195 bis
512 1130 653 1212 partibus
668 1131 842 1197 conmorari
856 1129 1026 1212 pertinacis
1040 1132 1138 1197 animi
1152 1130 1363 1197 obstinatione

237 1233 414 1318 potnerunt.
454 1250 525 1297 cnm
549 1233 632 1299 euim
647 1251 704 1298 nec
720 1234 908 1299 ieiuniorum
921 1252 1041 1299 morem
1057 1253 1157 1317 neque
1171 1236 1362 1319 psalmorum

236 1340 376 1403 ordinem
406 1355 464 1401 nec
492 1336 632 1419 ipsorum
661 1335 796 1417 denique
825 1336 1080 1403 indumentorum
1112 1336 1259 1403 habitum
1291 1355 1363 1419 per-

235 1444 424 1519 mutassent,
447 1440 522 1523 quid
544 1440 629 1505 aliud
651 1439 684 1503 iu
707 1440 767 1505 hao
788 1441 916 1523 regions
938 1441 1052 1507 sectari
1067 1459 1162 1523 qnam
1174 1440 1242 1507 aola
1257 1440 1363 1506 uictus

238 1546 287 1610 sui
309 1543 479 1625 conpendia
500 1544 719 1609 crederentur?
1372 1565 1399 1606 ro

283 1664 341 1731 ΙΙΙ.
364 1663 571 1744 Quamobrem
593 1662 622 1727 si
644 1680 700 1727 ιιοιι
726 1662 985 1745 quemadmodum
1013 1663 1170 1729 oredimus
1195 1664 1246 1728 dei
1271 1682 1365 1729 cauea

238 1769 279 1833 ad
293 1766 537 1834 aemulationem
553 1768 674 1831 nostrae
688 1765 858 1850 uguitionis
873 1768 1021 1851 adtraxit,
1037 1768 1181 1834 omnibus
1195 1767 1362 1845 institutis,

237 1871 353 1953 quibus
375 1869 442 1935 illic
462 1868 631 1952 primordia
654 1874 760 1935 nesta
780 1873 953 1953 praeusnte
967 1871 1051 1952 sunt,
1067 1871 1192 1953 penitus
1208 1870 1364 1935 abdicatis

238 1992 450 2057 quaecumque
472 1974 608 2038 seniores
631 1976 753 2037 nostros
769 1990 861 2055 agere
876 1974 928 2037 uel
943 1974 1066 2037 tradere
1079 1973 1223 2039 uideritis
1240 1991 1365 2038 summe

239 2076 421 2143 humilitete
450 2074 625 2141 sectamini.
664 2094 763 2157 usque
796 2094 850 2141 nos
879 2080 1006 2141 moueat
1035 2080 1091 2142 aut
1118 2080 1158 2142 ab
1187 2078 1398 2141 imitationes

240 2180 377 2246 diuertat
409 2196 445 2243 ac
473 2178 622 2259 retrahat,
653 2179 779 2243 etiamsi
810 2180 896 2244 uobis
925 2181 964 2245 ad
993 2196 1136 2262 praesens
1163 2178 1297 2244 alicuius
1317 2180 1364 2243 rei

240 2284 292 2349 nel
322 2283 398 2349 facti
427 2283 505 2347 ratio
533 2281 584 2345 nel
614 2298 707 2347 cause
736 2299 797 2346 non
819 2281 946 2364 liqueat,
970 2282 1045 2364 quia
1065 2300 1127 2357 eos,
1150 2282 1204 2364 qui
1226 2284 1304 2347 bene
1325 2284 1363 2346 de

240 2385 377 2453 cunctis
391 2404 428 2451 ac
457 2384 641 2466 simpliciter
667 2384 809 2449 sentiunt
830 2388 861 2448 ct
883 2385 1029 2450 uniuersa
1051 2402 1131 2467 quae
1151 2404 1170 2449 a
1191 2385 1364 2450 senioribus

240 2490 324 2555 tradi
347 2490 452 2571 gerino
467 2486 680 2569 perspexerint
695 2486 829 2553 fideliter
852 2487 971 2551 imitari
985 2488 1087 2570 magis
1102 2506 1196 2570 qnam
1211 2488 1365 2552 discutere

242 2596 381 2670 student,
405 2612 460 2675 per
481 2593 581 2676 operis
604 2591 828 2673 experientiam
844 2590 938 2656 etiam
954 2590 1088 2657 scientie
1102 2611 1206 2657 rerum
1223 2590 1401 2658 omniumao

210 2697 458 2779 tenerequecur.
496 2701 634 2760 ceterum
664 2713 834 2776 numquam
863 2694 1016 2760 rationem
1046 2694 1192 2760 ueritatis
1220 2693 1364 2776 intrabit,

241 2803 381 2884 quisquis
403 2819 421 2866 a
444 2799 634 2865 discussione
665 2798 804 2879 coeperit
831 2797 958 2876 erudiri,
984 2800 1058 2879 quie
1079 2799 1186 2863 uidens
1207 2816 1280 2863 eum
1302 2797 1365 2863 ini·

242 2905 342 2968 micus
372 2920 425 2968 suo
455 2902 559 2986 potius
591 2919 685 2984 quam
707 2902 836 2981 patrum
856 2901 969 2966 iudicio
990 2900 1197 2968 confidentem
1219 2900 1310 2966 facile
1332 2903 1363 2965 in

243 3008 275 3072 id
307 3024 403 3088 nsque
432 3005 595 3089 propellet,
627 3010 662 3070 ut
691 3007 786 3070 etiam
816 3005 875 3070 illa
896 3024 976 3087 quae
998 3006 1133 3070 maxime
1155 3004 1250 3069 utilia
1271 3005 1365 3086 etque

242 3109 450 3176 saluberrima
479 3112 551 3174 sunt
580 3107 735 3190 superflua
764 3107 793 3172 ei
820 3109 987 3174 uideantur
1015 3125 1052 3172 ac
1074 3109 1174 3191 noxia,
1202 3110 1298 3189 atque
1319 3107 1402 3172 itas

242 3212 487 3295 praesumptioni
510 3214 576 3278 eius
600 3212 731 3278 callidus
754 3211 853 3277 bostis
876 3211 1007 3291 inludet,
1029 3216 1065 3277 nt
1087 3207 1364 3276 inrationabilibus

240 3315 477 3382 definitionibus
499 3316 562 3380 suis
584 3314 785 3397 pertinaciter
805 3315 995 3380 inhaerendo
1018 3314 1076 3380 boc
1097 3315 1290 3380 solummodo
1304 3312 1365 3378 sibi

242 3422 385 3486 sanctum
423 3437 487 3484 esse
523 3419 716 3500 persuadeat,
755 3416 836 3499 qnod
872 3423 993 3483 rectum
1030 3418 1124 3500 atque
1155 3415 1367 3482 iustissimum

242 3543 316 3590 suec
340 3527 464 3588 tantum
487 3521 704 3586 obstinationis
727 3540 830 3585 errore
853 3523 1018 3588 censuerit.

286 3642 361 3708 llll.
387 3641 593 3722 Quamobrem
616 3640 689 3705 ordo
713 3645 806 3722 atque
828 3640 1014 3725 principium
1030 3641 1229 3724 professionis
1243 3645 1404 3706 nostraene

243 3745 504 3828 quemadmodum
527 3743 577 3808 nel
593 3747 673 3810 nude
689 3746 893 3822 descenderit,
907 3745 1045 3828 primurn
1059 3744 1180 3810 debetis
1193 3759 1365 3828 agnoscere.

294 4017 310 4072 2
328 4017 518 4087 exprobrarent
535 4016 565 4071 F
667 4018 682 4071 ‘l
708 4033 791 4086 quum
812 4017 837 4073 0
938 4017 973 4073 20
994 4031 1057 4085 prae
1073 4015 1104 4070 F
1203 4014 1367 4084 experientia

241 4104 272 4158 F
370 4104 404 4157 21
431 4103 603 4172 subsequitur
631 4105 659 4160 R
763 4105 797 4158 24
820 4103 951 4172 propellet
977 4103 1070 4160 ORK:
1099 4101 1227 4170 propellit
1248 4100 1298 4154 Fa

240 4190 327 4258 adque
355 4189 410 4245 FB
513 4191 546 4244 25
574 4190 660 4259 adque
686 4189 741 4244 FR
842 4190 878 4242 26
905 4190 1118 4258 praesumptione
1144 4187 1174 4240 F
1274 4185 1366 4239 bootes

242 4273 272 4328 F
355 4276 456 4330 inludit
478 4275 533 4331 ΘΚ
537 4281 572 4340 (o)
668 4276 701 4328 2?
720 4275 860 4345 perniciter
877 4275 908 4329 F
995 4276 1030 4329 28
1046 4274 1131 4343 adque
1148 4273 1175 4326 R
1268 4271 1305 4326 30
1320 4272 1367 4326 ad·

241 4375 293 4428 que
310 4358 366 4415 FR
468 4361 500 4415 31
521 4361 682 4414 distenderit
699 4361 727 4417 R
