3009 5200
502 453 660 512 Conlutlo
678 455 732 522 111,
751 455 826 528 1-4,
1179 456 1225 522 ’69

99 647 288 712 nocoesitotc
324 647 419 728 atquo
455 643 559 727 inopia
592 645 661 710 nuti
698 645 882 727 educatique
919 645 993 710 sunt
1024 643 1223 726 sustinerent,

98 745 315 831 respondimus
349 765 406 813 nos
439 748 479 812 ob
510 747 542 814 id
576 747 616 812 ad
649 748 717 813 eins
748 749 925 814 doctrinam
951 766 988 813 oc
1008 746 1258 832 magisterium

99 850 283 928 tetendisse,
312 854 350 916 ut
378 851 468 918 intui
496 850 693 932 aliquatenus
722 852 806 916 tanti
828 851 891 916 uiri
911 847 1166 916 habitationibus
1188 867 1226 916 au

98 954 291 1038 perfectione
309 970 481 1038 possemus,
504 964 598 1036 quarn
616 953 785 1020 innumeris
800 955 994 1045 documentis
1009 953 1109 1018 inesse
1124 952 1223 1019 eidem

78 1075 305 1137 senseramus,
340 1075 402 1121 non
437 1059 474 1121 ut
506 1055 581 1122 ullis
614 1059 694 1138 uuae
726 1058 832 1122 tamen
857 1056 895 1120 in
924 1054 1013 1122 nobis
1036 1064 1098 1120 nou
1119 1058 1227 1121 essert

96 1157 243 1224 hortibus
266 1177 471 1243 grauaremnr
485 1159 540 1225 aut
555 1158 689 1225 elatione
711 1159 818 1238 animi,
842 1177 903 1242 que
923 1159 956 1223 in
974 1159 1092 1224 nostrie
1105 1175 1226 1241 quoquo

96 1263 220 1329 cellulis
243 1279 477 1344 nonnumquam
497 1261 699 1346 suggestione
728 1261 938 1329 titillabamur
964 1259 1097 1346 inimici,
1126 1261 1226 1345 insius

95 1382 217 1448 qnoque
247 1363 445 1429 sermonibus
470 1363 663 1432 induremur.
701 1363 902 1448 quamobrem
930 1363 988 1428 illa
1010 1362 1100 1428 nobis
1121 1362 1226 1446 potius

95 1470 304 1550 precabamur
324 1466 460 1545 infundi,
484 1467 595 1548 quibus
617 1467 774 1552 conpungi
795 1465 848 1531 uel
868 1466 1040 1551 humiliari,
1069 1483 1131 1531 non
1154 1465 1225 1548 qui-

67 1572 152 1641 abus
173 1571 334 1636 nobismet
354 1570 433 1650 ipsis
455 1569 589 1635 blandiri
612 1569 780 1652 extollique
802 1586 971 1652 pomerius.

135 1691 198 1757 ΙΠ,
226 1688 309 1756 Turn
327 1688 438 1755 beatus
460 1702 666 1756 onsuvunvs:
691 1689 776 1769 Tres,
800 1689 913 1774 inquit,
935 1687 1133 1756 uccationum
1152 1691 1227 1754 sunt

96 1797 230 1871 ordines,
266 1799 331 1860 tres
365 1811 485 1876 quoque
514 1795 760 1860 renuntiationes
789 1793 940 1860 monento
970 1793 1004 1858 in
1034 1808 1226 1876 quocumque

97 1896 272 1961 uacationis
296 1895 403 1960 ordine
428 1893 598 1960 constituto
621 1895 811 1961 necessarius
825 1893 1013 1961 nouerimns.
1043 1897 1075 1961 et
1090 1897 1227 1979 primum

97 1997 222 2082 qnidam
258 2013 386 2062 causam
419 2012 481 2079 quo
513 1999 575 2061 tres
609 2014 676 2063 esse
707 1996 907 2064 notationum
940 1997 1062 2063 ordines
1090 1999 1226 2064 diximus

68 2103 219 2183 asportet
236 2107 300 2164 'nos
324 2098 494 2183 diligenter
522 2099 685 2182 inquirere,
715 2101 753 2164 ut
775 2117 845 2164 curn
868 2101 1086 2184 agnouerimus
1109 2119 1164 2166 nos
1187 2101 1226 2167 ad

96 2203 142 2268 dei
172 2200 299 2268 uultum
331 2203 432 2284 primo
461 2203 561 2287 mado
593 2203 765 2269 necationis
797 2203 943 2285 adscitos,
966 2200 1136 2269 secundum
1159 2203 1227 2269 aas

96 2303 327 2370 sublimitatem
372 2305 617 2370 conuersationis
661 2321 783 2388 quoque
826 2311 950 2370 nostrae
993 2306 1225 2389 congruentiam

95 2413 319 2492 temperemus.
361 2406 442 2472 nihil
480 2410 564 2472 eninr
602 2408 738 2489 proderit
771 2407 952 2473 sublimiter
986 2408 1160 2491 inchoasse,
1191 2409 1226 2475 'er'

95 2512 230 2576 similem
263 2507 424 2592 pnndpiis
453 2523 514 2575 non
545 2509 776 2575 exhibuerimus
799 2514 831 2574 et
851 2510 956 2576 finem.
996 2509 1104 2593 quodsi
1130 2508 1258 2578 ademi
1328 2573 1332 2580 ,

66 2616 208 2682 sulbmo
244 2613 354 2680 ordine
387 2625 443 2678 nos
476 2631 495 2677 a
528 2612 762 2679 conuersatione
796 2613 911 2679 soeculi
944 2615 1097 2680 attractus
1130 2614 1226 2681 inisse

97 2718 327 2803 cognoscimus,
358 2718 473 2799 quanto
504 2716 609 2781 minus
630 2716 783 2799 probabili
805 2715 843 2781 ad
866 2714 1049 2801 religionem
1072 2716 1225 2802 principio

98 2822 242 2886 uidemur
268 2817 378 2898 inniti,
407 2819 497 2884 tanto
519 2820 621 2884 acrius
643 2820 869 2902 nosmetipsos
891 2821 930 2886 ad
952 2818 1112 2887 meliorem
1131 2820 1228 2886 finem

98 2922 236 3005 spirituli
271 2924 394 2988 lernore
427 2923 558 2987 incitare
581 2940 732 2991 curemus.
771 2924 936 2989 secundam
953 2935 1078 3007 'quoque
1101 2931 1227 2991 causam

98 3028 197 3091 tunae
233 3024 513 3091 abrenuntiationis
547 3024 733 3092 omnimodis
764 3045 853 3092 nosse
881 3043 936 3093 nos
967 3027 1120 3106 conuenit,
1154 3027 1227 3111 quia

69 3128 184 3199 anullo
217 3126 313 3193 ruodo
344 3127 570 3211 perisctionem
602 3129 773 3212 poterimus
804 3128 975 3214 adtingere,
1013 3131 1041 3194 si
1075 3147 1141 3195 eam
1175 3130 1227 3194 uel

97 3232 346 3315 ignoraberimns
383 3227 435 3295 uel
469 3233 598 3297 scientes
634 3250 695 3297 non
732 3232 983 3298 contenderimus
1025 3248 1116 3317 opere
1154 3248 1227 3298 con·

99 3349 267 3398 summare.

140 3454 219 3519 llll.
245 3453 290 3518 Vt
311 3452 410 3538 igitur
431 3456 494 3519 tres
516 3453 549 3518 bi
570 3452 769 3521 uocationem
785 3453 870 3520 medi
886 3454 1011 3539 speciali
1028 3454 1229 3521 distinetione

100 3557 289 3639 panduntur,
312 3557 432 3641 primus
455 3575 491 3621 ex
510 3556 568 3621 deo
590 3558 650 3633 est,
672 3558 824 3623 secundus
848 3577 901 3641 per
923 3558 1090 3638 hominem,
1112 3555 1228 3624 tertius

154 3860 278 3931 lucique
302 3859 370 3917 13¹0
471 3848 626 3931 edousthus
648 3843 760 3917 ΜΠ)
860 3866 923 3929 port
941 3858 1156 3917 armamentis
1173 3860 1229 3917 Do

102 3962 161 4017 cop.
180 3951 200 4001 2
216 3948 319 4016 induit
415 3946 433 4000 il
450 3944 674 4001 institutibnetbs
690 3939 733 4001 Ὧι
826 3932 845 4000 li
862 3944 996 4019 possimus
1013 3925 1162 4002 D¹¹W¹PX

103 4032 183 4087 eidem
204 4034 291 4087 inesse
309 4032 340 4087 D
437 4028 535 4089 bullis
552 4021 693 4088 DWOP:
722 4027 807 4086 ullius
825 4028 856 4085 X
883 4030 993 4087 illinet
1086 4030 1229 4102 'equoque

102 4134 151 4172 om.
173 4109 211 4174 W
305 4118 339 4173 10
356 4112 479 4172 blandire
495 4117 536 4172 D¹
629 4115 761 4186 pessimus
778 4111 920 4173 D'WPX
1013 4120 1044 4173 ll
1059 4114 1229 4188 'medantino

105 4204 154 4265 Ρ,
212 4204 306 4274 inquld
328 4204 395 4260 WP
478 4200 674 4259 coerroneos
752 4187 788 4257 're
805 4204 957 4259 coenosos
974 4198 1016 4258 ru*
1102 4204 1136 4259 re
1154 4205 1229 4259 uren

108 4290 142 4344 W
241 4290 274 4345 18
301 4292 425 4343 incoasse
451 4286 505 4344 DO
606 4287 639 4342 21
667 4286 828 4358 relegioneru
854 4276 912 4345 PX
1012 4291 1047 4346 26
1074 4306 1231 4346 consumare

104 4375 198 4432 DWP
295 4376 333 4430 28
351 4375 382 4429 hi
401 4373 496 4429 om.0
