3009 5200
277 439 341 506 628
667 435 831 491 lobannis
848 434 1006 489 Cassiani

280 630 522 709 temptatum
556 630 692 691 entem
726 644 793 708 per
834 627 964 691 omnin
1006 622 1217 689 seeundum
1253 624 1400 690 simili·

250 730 460 796 etudinom
482 729 634 811 ubsque
664 734 838 812 peeexto.
874 729 903 793 si
925 731 1023 811 igitur
1044 733 1186 791 terrenus
1207 728 1398 792 humititatis

281 838 405 899 nostrae
434 852 506 899 enm
535 834 593 900 iilo
612 834 732 898 meedso
753 834 921 915 dininoqne
942 832 1086 913 pontiden
1111 831 1186 895 bnee
1206 834 1310 914 potest
1331 851 1400 897 esse

279 938 465 1018 eommunio,
486 937 523 1001 nt
543 938 639 1001 etiam
662 955 720 1001 nos
739 938 855 1019 absque
881 936 947 1000 ulla
968 936 1088 1017 peeexti
1117 934 1285 1000 onsnuoue
1316 940 1399 1001 tem·

278 1050 413 1123 ptemur.
446 1058 502 1104 enr
529 1040 564 1104 in
588 1040 645 1105 ilio
665 1040 724 1105 boo
744 1040 902 1122 spostolus
922 1038 1011 1105 uelut
1032 1038 1160 1105 nnionnn
1181 1058 1217 1103 ae
1237 1040 1399 1121 singulare
1420 1064 1434 1103 u

278 1146 445 1226 suspiciens
466 1146 557 1208 tenta
578 1144 645 1207 eins
659 1142 808 1207 meritum
823 1141 864 1208 ab
879 1142 1034 1207 uniuersis
1047 1140 1228 1207 bominibus
1243 1142 1399 1207 diuisione

279 1246 453 1311 disereuit?
481 1247 538 1311 bae
559 1265 633 1329 ergo
653 1246 721 1311 sols
740 1247 781 1311 ab
802 1246 947 1311 omnibns
976 1246 1063 1311 nobis
1085 1247 1263 1326 exceptione
1284 1245 1398 1309 distin-

278 1352 397 1434 guitur,
418 1352 493 1433 qnia
506 1368 562 1415 nos
576 1368 639 1414 non
652 1350 770 1431 absque
785 1352 920 1431 peeonto,
944 1350 1034 1414 illum
1051 1352 1118 1415 sine
1131 1352 1259 1433 peoonto
1275 1354 1398 1413 constat

249 1454 375 1519 dinisse
397 1456 598 1537 temptatum
634 1452 705 1534 quis
719 1452 836 1518 etenim
851 1452 1023 1531 hominnm,
1038 1452 1181 1536 quamuis
1198 1452 1289 1515 sortis
1304 1452 1399 1533 utone

279 1556 410 1621 bellator
429 1557 482 1629 sit.
504 1556 673 1621 hostilibus
694 1558 799 1623 tamon
815 1556 887 1621 telis
909 1558 1092 1639 plerumque
1106 1574 1167 1621 non
1183 1560 1299 1639 puteat,
1328 1556 1398 1639 quis
1408 1582 1435 1621 ro

280 1661 368 1724 uelut
381 1660 602 1740 inpenetrabiti
618 1678 709 1725 enrne
724 1658 933 1725 circumdatus
944 1662 1040 1725 tentis
1051 1659 1238 1741 proeliorum
1249 1658 1398 1741 perieulis

279 1764 346 1827 sine
368 1762 505 1845 periculo
526 1762 719 1829 miseoetur?
740 1762 794 1827 ille
816 1768 923 1827 entem
937 1762 1021 1827 solus
1043 1762 1250 1845 speciosus
1274 1762 1399 1825 formu

280 1884 370 1947 pree
398 1866 511 1929 siliis
539 1866 740 1930 bominum
770 1866 982 1931 condicionem
1012 1866 1122 1930 mortis
1150 1865 1303 1929 unumne
1327 1882 1399 1927 enm

280 1973 424 2033 uniuersa
460 1968 559 2033 earnis
596 1968 771 2052 fragilitate
807 1970 980 2051 suscipiens
1018 1968 1136 2034 nullius
1169 1985 1318 2049 nmquam
1352 1968 1400 2031 est

279 2073 377 2138 sordis
398 2070 575 2136 meoulatns
597 2074 735 2136 adtactu
1411 2096 1436 2137 re

321 2192 360 2255 X
389 2192 572 2273 Temptatus
601 2201 648 2255 est
677 2194 761 2256 enim
791 2191 960 2255 seeundum
990 2190 1229 2255 similitudinem
1257 2195 1398 2255 nostram

279 2296 513 2377 gastrimargiae
549 2294 686 2377 primum
722 2294 813 2371 uitio,
847 2300 883 2359 nt
918 2294 946 2357 ei
974 2294 1104 2359 pallidus
1135 2294 1189 2358 ille
1216 2312 1341 2375 serpens
1364 2312 1400 2357 oo

280 2398 394 2478 ordine,
423 2415 483 2479 quo
510 2399 611 2463 ddum
639 2400 713 2462 ante
740 2400 913 2475 seduxerat,
944 2398 1092 2463 esurienti
1124 2416 1211 2463 escae
1245 2398 1400 2463 desiderio

280 2506 443 2566 eonnretnr
453 2502 602 2579 inludere,
618 2501 652 2566 si
667 2500 783 2566 iilius
799 2502 949 2583 inquiens,
964 2503 1026 2567 dei
1042 2521 1095 2581 es,
1113 2502 1174 2567 die
1189 2504 1230 2565 nt
1244 2500 1400 2583 lapides

279 2605 351 2670 isti
371 2622 489 2686 penes
511 2607 624 2670 finnt.
662 2606 716 2670 sed
738 2607 863 2671 nulium
883 2605 1035 2688 resipiens
1057 2625 1092 2668 ex
1112 2605 1172 2670 beo
1193 2606 1435 2686 temptationem

280 2711 453 2792 peceatum,
475 2728 547 2774 oum
569 2709 599 2774 ei
614 2709 746 2775 facultas
761 2709 939 2774 indubitata
954 2709 1138 2792 subpeteret,
1155 2707 1275 2790 respuit
1291 2706 1398 2772 eibum

280 2830 371 2894 quem
405 2813 621 2894 deceptionum
651 2811 764 2877 nrtisex
790 2811 963 2896 ingerebat,
993 2812 1114 2876 dieens:
1142 2810 1279 2882 nonin
1302 2829 1399 2893 pune

280 2916 365 2979 solo
397 2914 502 2980 uiuit
529 2917 652 2995 bomo,
682 2917 747 2981 sod
779 2915 818 2980 in
842 2918 945 2981 omui
966 2915 1083 2980 uerbo
1105 2915 1202 2997 qnod
1224 2914 1401 2995 procedit

250 3017 324 3084 ide
346 3035 414 3082 ore
436 3020 507 3083 dei.
544 3023 715 3102 temptatus
738 3027 787 3084 est
809 3021 904 3084 etiem
918 3019 1084 3084 cenodoxia
1098 3018 1267 3100 seeundum
1285 3015 1399 3082 simili·

281 3121 422 3186 tudinem
438 3125 587 3199 nostrum,
603 3141 674 3186 enm
690 3121 719 3186 ei
736 3121 906 3188 dicoretur:
930 3121 962 3186 si
978 3121 1096 3187 iilius
1118 3121 1179 3185 dei
1201 3139 1257 3196 es,
1280 3120 1435 3186 mittens

280 3226 319 3288 te
352 3223 542 3288 deorsum.
580 3226 634 3289 sed
668 3224 802 3290 subdole
830 3224 946 3290 diaboli
975 3225 1171 3309 suggestione
1199 3241 1258 3288 non
1289 3226 1400 3304 eaptus

280 3331 328 3391 est
357 3331 389 3391 st
410 3328 615 3393 nouissimum
639 3329 830 3394 seductorem
853 3329 950 3393 etiem
978 3327 1204 3410 seripturarum
1226 3326 1399 3392 obiectione

280 3429 442 3494 confutans
466 3450 538 3496 non
560 3431 792 3513 temptabis,
809 3433 919 3514 inquit,
938 3434 1131 3498 dominnm
1150 3430 1259 3496 deum
1279 3437 1400 3495 tunm.

383 3599 573 3664 telum
671 3601 848 3664 temese
946 3602 1089 3657 estet
1185 3601 1331 3682 aptet

279 3685 349 3740 281.
367 3703 387 3739 e.
407 3687 431 3739 7.
467 3687 545 3740 Dent
563 3687 588 3751 6,
609 3688 641 3740 16

331 3844 463 3912 digitur]
482 3846 521 3912 ig.
538 3839 620 3900 etium
641 3845 706 3910 Ode
803 3847 906 3915 bqunr
924 3847 1004 3902 BFO
1098 3845 1177 3900 uelud
1195 3845 1222 3900 Β
1318 3847 1401 3900 tisu-

280 3930 396 3996 spieiens
414 3931 527 3986 0¹1t222
554 3932 702 4000 suseipiens
719 3932 874 3988 BFO¹K¹r
959 3933 1090 3986 uniuersis
1107 3948 1157 3986 orn.
1175 3932 1214 4000 βο
1301 3932 1402 3986 thnee

282 4014 343 4070 old
430 4017 567 4072 nobisom.
583 4018 616 4074 0¹
707 4019 823 4086 8qniB
909 4019 1027 4086 detque
1045 4019 1072 4072 Β
1157 4018 1188 4072 11
1207 4017 1287 4072 uelud
1305 4017 1332 4071 Β

279 4103 439 4168 praeliorum
457 4104 484 4156 Β
580 4105 612 4158 13
629 4104 727 4160 condit
744 4105 795 4173 Bp
891 4106 921 4158 17
941 4105 1140 4173 castrimargine
1158 4105 1185 4157 Β
1279 4109 1306 4158 et
1324 4109 1355 4158 ut
1376 4107 1402 4158 ei

281 4187 360 4242 ΒΕΘ
445 4189 479 4242 18
492 4193 652 4246 esurientem
665 4191 745 4246 BFO
770 4192 901 4245 esuriente
913 4192 961 4264 ΙιἿΙ
1039 4192 1069 4244 21
1090 4191 1241 4259 subpeteret
1261 4191 1295 4246 0:
1324 4208 1404 4261 supp.

279 4273 337 4326 reti.
438 4276 473 4327 22
490 4275 653 4344 deceptionis
669 4278 709 4346 do
811 4277 851 4332 23·
867 4278 922 4332 solo
940 4294 1007 4346 pune
1028 4278 1086 4332 BF
1184 4277 1218 4332 25
1236 4277 1342 4332 dietum
1361 4283 1405 4334 est

279 4357 318 4426 βυ
405 4357 453 4414 ’26
471 4360 572 4415 diebuli
591 4363 619 4416 Β
721 4365 938 4433 suggessioneO
1040 4365 1074 4420 28
1093 4363 1186 4434 inquid
1205 4363 1311 4419 BFOZ
