3009 5200
480 454 642 509 Conlatlo
665 453 713 522 XI,
735 455 812 508 3-6.
1144 456 1208 522 312

88 643 215 710 ulterius
238 645 391 711 districtio
414 647 579 711 relaxetur.
618 660 787 727 numquam
811 645 894 710 enim
913 648 974 711 crit
989 645 1097 710 efficax
1111 647 1206 711 insti·

87 748 205 812 tuentis
234 747 415 830 auotoritas,
445 749 506 812 nini
540 763 607 814 eam
629 747 740 813 ellectu
765 751 865 830 operia
887 750 937 814 oui
959 750 1044 815 cordi
1065 749 1207 816 adfixerit

86 849 254 915 audientis.

128 969 167 1033 V.
193 971 244 1035 Ad
280 971 355 1036 haec
388 987 443 1035 noe
477 989 537 1036 non
571 971 719 1037 mediocri
752 971 930 1037 confusione
966 973 1132 1054 conpuncti
1161 971 1208 1036 ita

67 1073 316 1153 ereepondimuo:
346 1071 433 1138 Licet
460 1073 599 1139 sufficere
629 1073 715 1139 nobis
745 1077 785 1140 ad
814 1092 936 1141 omnem
967 1073 1206 1140 instructionem

87 1175 198 1241 debeat
229 1179 280 1242 uel
302 1179 363 1243 loci
386 1178 476 1243 istius
501 1177 672 1243 difficultas
694 1179 746 1242 uel
774 1178 844 1262 ipsa
866 1179 961 1243 etiam
984 1178 1126 1243 solitaria
1150 1177 1206 1240 ad-

85 1280 146 1343 huc
178 1279 257 1356 nita,
293 1299 385 1363 quam
414 1281 557 1346 iuuentae
590 1299 710 1364 quoque
739 1284 868 1348 robusta
893 1281 946 1345 uix
975 1282 1099 1362 tolerat,
1130 1297 1207 1362 quae

86 1399 140 1446 nos
170 1384 267 1447 etiarn
298 1389 329 1448 te
359 1389 480 1449 tacente
508 1383 584 1450 uatis
614 1385 795 1467 abundeque
824 1385 983 1449 instruunt
1011 1387 1103 1468 atque
1133 1402 1206 1447 con·

85 1491 239 1569 pungunt,
271 1505 416 1572 rogamus
445 1489 549 1553 tamen
574 1492 607 1553 ut
637 1488 854 1553 taciturnitate
883 1487 1045 1570 paululum
1067 1488 1205 1571 praeter-

59 1587 179 1651 romisea
203 1607 241 1652 ea
262 1589 350 1654 nobis
371 1591 476 1671 potius
499 1589 667 1672 dignanter
680 1589 837 1671 infundas,
854 1608 909 1671 per
924 1607 1001 1671 quae
1017 1587 1096 1653 hanc
1111 1607 1207 1671 quam

87 1691 228 1756 uidemus
259 1692 292 1756 in
321 1695 353 1758 te
381 1692 532 1758 uirtutem
562 1711 623 1757 non
653 1697 718 1756 tum
741 1692 917 1757 imitatione
940 1692 1090 1774 conplecti
1114 1709 1207 1774 quam

87 1793 291 1858 admiratione
334 1795 497 1876 possimus.
548 1813 621 1859 nam
662 1795 786 1859 etiamsi
828 1795 985 1859 reuelatus
1022 1792 1083 1858 tibi
1120 1798 1209 1876 tepor

87 1901 187 1961 noster
217 1899 371 1979 inpetrare
401 1897 433 1962 id
460 1901 540 1982 quod
570 1899 742 1981 expetimus
773 1916 833 1962 non
863 1901 1008 1980 meretur,
1035 1895 1130 1962 debet
1150 1897 1207 1962 hoc

87 1999 193 2064 saltim
219 2001 307 2065 labor
328 2001 410 2066 tenti
433 2003 552 2067 itineris
576 2003 724 2083 obtinere,
753 2020 811 2084 quo
834 2003 894 2066 huo
916 2003 954 2066 de
976 2000 1208 2066 Bethleemitici

61 2103 224 2167 ncoenobii
246 2103 433 2169 rudimentis
457 2105 664 2170 institutionis
686 2109 809 2169 nestrae
833 2102 983 2168 desiderio
1006 2105 1037 2167 et
1051 2103 1207 2185 profectur

88 2206 182 2269 nostri
205 2223 311 2270 amore
333 2208 578 2288 properauimus.

127 2325 181 2390 VI.
217 2327 304 2393 Tunc
338 2329 445 2392 beatus
484 2345 706 2393 cununumon:
747 2327 819 2392 Tria
852 2330 937 2409 sunt,
975 2325 1088 2410 inquit,
1129 2343 1207 2406 quae

90 2428 207 2494 iaciunt
230 2431 370 2496 homines
393 2451 411 2495 a
434 2430 520 2496 uitiis
542 2433 724 2514 temperare,
747 2430 780 2495 id
803 2431 849 2494 est
863 2432 918 2495 eut
933 2417 1207 2512 metue'gehennae

89 2533 149 2595 siue
186 2534 398 2616 praesentium
436 2534 542 2618 legum
579 2537 633 2598 out
665 2552 733 2617 spes
771 2536 864 2616 atque
898 2532 1087 2597 desiderium
1119 2529 1208 2617 regni

62 2637 240 2701 oraclorum
275 2642 329 2701 aut
363 2636 490 2702 affectus
523 2637 596 2703 boni
629 2638 727 2722 ipsius
757 2655 902 2720 amorque
930 2636 1097 2701 uirtutum.
1134 2652 1207 2698 nam

88 2740 178 2804 timor
206 2741 252 2804 ita
273 2740 349 2805 mali
372 2740 549 2823 contagium
577 2742 691 2826 legitur
718 2742 884 2806 exsecrari:
913 2741 1032 2804 timor
1063 2736 1207 2802 domini

88 2844 168 2907 odit
204 2843 412 2909 malitiam.
462 2863 530 2927 spes
568 2846 664 2909 etiarn
709 2845 858 2908 uitiorum
895 2844 1035 2908 omnium
1072 2839 1208 2905 excludit

88 2945 259 3012 incursum:
294 2965 367 3013 non
401 2947 484 3013 euim
518 2948 753 3030 delinquent
787 2964 916 3013 omncs
950 2945 1014 3028 qni
1047 2948 1209 3028 sperant

88 3047 122 3112 in
145 3067 238 3114 eum.
279 3069 366 3115 amor
388 3068 507 3133 qnoque
530 3050 653 3115 ruinam
679 3068 740 3114 non
769 3050 883 3113 metuit
905 3051 1111 3130 peccatorum,
1135 3046 1210 3129 quia

63 3154 237 3218 iocaritas
272 3171 476 3237 numquam
512 3153 631 3231 cadit,
670 3157 701 3218 et
734 3155 863 3218 iterum:
897 3153 1047 3216 caritas
1081 3148 1209 3234 operit

89 3255 393 3323 multitudinem
419 3259 682 3341 peccatorum.
720 3261 752 3321 et
775 3255 888 3321 idcirco
911 3254 1022 3320 beatus
1050 3254 1239 3337 apostoliea

90 3377 208 3423 omnem
231 3360 343 3424 salutis
366 3378 520 3425 summam
542 3361 575 3425 in
608 3360 741 3425 istarum
765 3361 861 3424 trium
884 3360 1038 3422 uirtutum
1062 3374 1207 3421 consum-

186 3568 219 3622 21
247 3566 373 3633 Prov.8‚
398 3568 429 3623 13
537 3570 571 3623 23
598 3568 644 3626 Pu.
668 3569 710 3635 33,
734 3569 768 3623 23
875 3568 909 3624 25
935 3567 950 3622 Ι
975 3568 1033 3622 Cor.
1059 3567 1141 3631 13,ss

90 3652 192 3707 lPetr.
212 3654 273 3719 4,ss

135 3853 150 3905 1
168 3851 306 3905 dentrictio
323 3851 384 3905 ΠΟ
475 3852 609 3905 laxaretur
626 3851 735 3906 toron
826 3849 921 3905 41111
939 3852 964 3901 Y
1048 3851 1065 3903 6
1082 3850 1164 3904 athnc
1180 3850 1209 3899 Σ

89 3936 211 4002 (pom)
281 3936 297 3989 l
315 3936 440 3991 iuuentus
458 3937 536 3991 HYo
562 3936 687 3991 iubentur
706 3937 731 3989 Ο
799 3938 816 3990 3
834 3936 919 4004 adque
938 3935 963 3988 0
1038 3936 1055 3991 9
1074 3934 1208 4003 peulolum

89 4021 111 4069 Τ
177 4021 209 4075 12
226 4022 412 4077 ammiratione
428 4024 458 4075 Σ
527 4022 559 4076 13
580 4021 629 4075 hoa
653 4023 682 4075 Π
688 4026 695 4052 ¹
766 4022 801 4077 14
818 4023 912 4076 saltem
932 4020 1025 4074 ΣΠΟ
1091 4021 1212 4088 optinere

90 4106 143 4157 ΣΤ
224 4105 407 4161 blethemitici
423 4107 452 4158 Σ
479 4106 648 4163 bethlemo
734 4107 768 4161 15
784 4107 923 4161 choenobii
940 4106 969 4157 Σ
994 4104 1088 4161 oenobi
1105 4105 1142 4159 0¹

90 4190 191 4243 llvr
280 4193 473 4261 inquidll'PO
566 4194 791 4261 redempturum
883 4193 1017 4261 lelegum
1030 4190 1212 4260 eutllegorue

89 4298 118 4345 ut
134 4294 162 4343 Σ
245 4294 363 4365 notoni]
377 4285 530 4349 homini'll
617 4297 649 4350 21
663 4296 778 4349 execrari
789 4294 849 4348 ΠΟ
933 4297 968 4351 23
980 4297 1104 4350 incursus
1117 4294 1143 4347 0

89 4378 121 4433 23
136 4380 253 4449 cooperit
272 4379 298 4432 Ο
382 4380 415 4433 26
434 4382 529 4435 iccirco
547 4382 576 4433 Σ
652 4382 790 4455 apostulus
808 4383 847 4433 Π·
933 4381 1098 4435 allatorum
1115 4380 1144 4431 Σ
