3009 5200
330 400 394 471 162
723 394 888 453 lobannis
905 394 1063 452 coariani

324 591 444 675 quibua
475 586 644 674 inpugnari
675 589 805 671 putatur
837 584 977 655 aduers'm
1015 588 1178 669 tamquam
1210 585 1308 653 armis
1340 586 1448 657 utendo

331 694 435 778 eisque
467 690 557 759 uelut
578 709 652 757 arcu
673 690 705 755 et
727 688 835 775 gladio
866 689 1015 771 ecumque
1037 687 1234 755 ualidissimo
1254 688 1364 755 eontra
1383 690 1448 757 illos

324 796 384 881 qui
412 796 488 863 haec
517 794 665 880 ingerunt
695 786 897 859 oonmunitus
925 790 1100 877 proiectum
1128 808 1203 858 suae
1227 792 1397 877 patientiae
1415 814 1449 861 ac

328 898 459 967 obtutis
488 896 641 980 adquirat,
670 894 934 983 gloriosissimum
965 892 1158 961 constantiae
1191 894 1387 979 triumphum
1416 917 1448 963 er

328 1000 405 1086 ipsis
426 1020 504 1085 quae
525 1000 663 1067 letaliter
686 999 865 1067 inferuntur
894 994 1019 1084 capiens
1041 998 1180 1065 bostium
1201 998 1284 1078 telis,
1306 1017 1363 1065 neo
1383 1018 1479 1084 pro-r

329 1106 426 1189 speris
449 1102 613 1172 dumtaxat
634 1102 736 1169 elatus
758 1122 817 1169 uec
838 1101 975 1169 deiectus
998 1101 1144 1182 aduersis,
1168 1103 1222 1169 sed
1236 1100 1349 1167 itinere
1364 1104 1449 1187 plano

326 1225 367 1274 ac
400 1208 454 1274 uia
486 1208 573 1291 regia
599 1224 719 1289 semper
747 1204 905 1281 incedens,
940 1202 980 1272 ab
1016 1203 1071 1271 illo
1102 1204 1342 1290 tranquillitatis
1369 1207 1450 1273 statu

330 1328 526 1396 nequequam
548 1308 673 1375 laetitia
697 1308 935 1393 superueniente
957 1310 1046 1393 quasi
1060 1308 1094 1374 iu
1109 1305 1267 1376 dexmram
1281 1310 1385 1375 motus
1399 1328 1450 1375 uec

330 1412 550 1501 ingruentibus
577 1412 717 1480 aduersis
745 1412 941 1495 tristitiaque
962 1409 1141 1479 dominante
1162 1413 1251 1479 uelut
1272 1412 1312 1478 ad
1334 1412 1450 1479 laeuam

329 1534 437 1583 rursus
467 1516 620 1601 inpulsus.
657 1533 728 1601 pax
758 1514 842 1581 euim
870 1512 996 1581 multa
1023 1514 1296 1600 dilIgeutibus
1318 1534 1481 1583 nomano

295 1622 457 1689 4tuum:
487 1620 524 1685 et
553 1637 628 1685 nou
658 1621 716 1685 est
746 1616 836 1686 illis
865 1619 1105 1687 scandalum
1143 1622 1181 1687 de
1209 1618 1274 1687 illis
1296 1636 1380 1703 uero,
1401 1620 1452 1703 qui

332 1741 389 1807 per
411 1720 551 1807 singulos
577 1722 769 1789 incurrentes
790 1740 881 1789 casus
903 1741 958 1807 pro
986 1740 1093 1789 eorum
1118 1722 1272 1806 qualitate
1294 1740 1332 1788 ac
1354 1724 1452 1789 uarie·

332 1826 398 1893 tate
430 1827 603 1903 mutantur,
637 1826 683 1891 ita
714 1825 845 1892 dicitur:
879 1824 1037 1893 stultus
1071 1828 1199 1893 autem
1231 1826 1340 1892 sicut
1366 1824 1452 1890 luna

331 1928 566 1996 mutabitur.
602 1930 640 1994 ut
672 1930 756 1996 enim
789 1928 828 1995 de
861 1928 1007 2012 perlectis
1034 1948 1071 1995 ac
1098 1929 1292 2014 sapientibus
1324 1928 1451 1994 dicitur:

332 2030 602 2116 diligentibus
635 2032 748 2099 deum
782 2032 905 2099 omnia
931 2037 1198 2115 quoperantur
1226 2031 1273 2099 ad
1301 2031 1482 2107 column

330 2133 379 2201 ita
400 2134 438 2201 de
459 2134 591 2201 infirmis
613 2136 832 2219 pronuntiatur
846 2154 883 2201 ac
898 2136 1022 2202 stultis:
1039 2135 1168 2203 omnia
1188 2135 1356 2202 aduersa
1371 2132 1453 2200 uiro

330 2237 561 2321 insipienti.
598 2256 656 2305 uec
681 2238 837 2325 prosperis
859 2238 945 2304 euim
959 2235 1053 2305 rebus
1067 2238 1190 2323 prolicit
1203 2257 1261 2305 uec
1275 2239 1454 2305 emendatur

330 2339 478 2408 aduersis.
516 2341 654 2409 eiusdem
677 2360 813 2426 namque
835 2340 966 2407 uirtutis
988 2342 1036 2406 est
1050 2341 1156 2409 tristia
1170 2340 1296 2408 fortiter
1309 2343 1451 2417 tolerare,

330 2444 417 2510 cuius
451 2442 548 2511 etiam
581 2438 715 2508 secunda
748 2442 915 2519 moderari,
948 2442 982 2507 et
1014 2460 1086 2508 eum
1115 2442 1170 2528 qui
1197 2442 1232 2508 in
1260 2461 1324 2508 uno
1351 2460 1452 2508 eorum

330 2548 494 2631 superatur
522 2548 670 2613 neutrum
698 2544 839 2612 subferre
866 2544 1078 2612 cerbssimum
1107 2548 1165 2614 cst.
1204 2545 1329 2612 facilius
1351 2548 1482 2612 temous

330 2651 401 2734 quis
423 2649 499 2716 elidi
521 2647 622 2734 potest
637 2650 795 2734 prosperis
810 2668 904 2733 quam
919 2649 1069 2717 aduersis.
1105 2650 1183 2717 baec
1198 2651 1281 2716 enim
1297 2651 1453 2717 interdum

332 2753 429 2819 etiam
455 2752 573 2819 inuitos
601 2752 740 2818 retinent
762 2755 857 2836 atque
883 2751 1051 2820 humiliant
1072 2758 1105 2820 et
1126 2753 1352 2837 conpunctione
1373 2751 1453 2816 salu·

331 2854 467 2921 berrima
498 2855 548 2922 uel
576 2855 680 2921 miuus
708 2872 835 2937 peccare
864 2856 985 2922 faciunt
1011 2854 1064 2922 uel
1092 2857 1274 2931 emendant:
1302 2857 1361 2923 illa
1382 2871 1453 2919 uero

331 2957 479 3023 mollibus
493 2964 630 3025 mentem
646 2977 682 3026 ec
696 2959 877 3043 perniciosis
895 2959 1079 3027 extollentia
1093 2958 1318 3027 blandimentis
1332 2975 1454 3025 securos

330 3060 492 3127 felicitatis
513 3079 588 3128 suae
608 3063 761 3145 prouentu
789 3063 880 3128 ruina
901 3062 1017 3128 maiore
1039 3064 1250 3146 prosteruunt
1461 3081 1482 3123 a

372 3159 413 3228 X.
448 3161 509 3229 Isti
545 3167 620 3229 suut
655 3182 729 3249 ergo
767 3164 821 3249 qui
856 3165 1031 3250 figuraliter
1067 3167 1101 3232 in
1137 3167 1301 3252 scripturis
1339 3165 1453 3232 sanctis

329 3261 606 3353 ἄμφοτεροδὲξιοι,
635 3267 669 3332 id
692 3270 739 3334 est
762 3265 951 3333 ambidextri
979 3271 1208 3352 nuncupantur,
1236 3267 1352 3334 utillo
1374 3265 1455 3333 soth

433 3453 698 3519 mmmm
803 3453 1041 3519 mmmm
1145 3453 1390 3523 umam

333 3538 366 3593 re
384 3539 460 3596 sor.
479 3538 520 3605 14,
539 3539 554 3592 r
573 3537 667 3609 (axx)

384 3709 397 3762 l
421 3710 549 3776 putamur
571 3708 659 3764 D¹W
757 3709 774 3764 2
801 3709 972 3766 naledissimo
995 3711 1040 3766 D¹
1141 3712 1206 3768 illus
1232 3713 1259 3767 V
1361 3713 1379 3768 4
1403 3711 1457 3766 uir·

330 3796 404 3850 tutes
426 3793 466 3848 1>¹
569 3795 587 3849 5
610 3795 752 3854 hostilium
773 3796 802 3852 V
827 3797 927 3852 ostium
947 3797 987 3853 W
1086 3799 1103 3852 6
1125 3799 1227 3854 itenere
1248 3796 1285 3856 V¹
1314 3799 1345 3853 in
1362 3799 1457 3853 itiam

329 3897 372 3952 12¹
468 3897 679 3968 cereumque]
698 3885 842 3984 manui
865 3899 904 3955 W
998 3900 1031 3955 re
1048 3901 1171 3971 angue·
1192 3901 1227 3957 ν’
1324 3902 1359 3957 uo
1376 3916 1457 3972 queo

330 3999 494 4072 paranturO
580 4001 778 4057 ltaduersaria
788 4001 897 4059 n¹wo
985 4002 1018 4058 18
1028 4002 1146 4059 tristith
1156 4003 1286 4062 D¹W¹O¹
1312 4004 1457 4061 tristitiam

330 4085 402 4140 1>²x
502 4085 537 4142 22
559 4086 663 4141 inuitus
684 4086 712 4142 V
810 4089 846 4143 24
868 4089 1014 4144 monilibus
1036 4089 1060 4146 O
1161 4091 1314 4160 pernitiosis
1336 4090 1391 4148 VD

329 4187 436 4226 morus
459 4172 485 4228 V
579 4172 845 4229 senmourmae
937 4174 973 4230 27
990 4176 1255 4246 neomeponeote)
1276 4177 1305 4235 V
1330 4181 1457 4235 ammoto

329 4261 438 4398 {botro
462 4258 507 4399 Db
526 4259 767 4401 ὂιῑΦοζῑρΞαοξιοι
796 4261 836 4318 W
869 4265 1089 4333 morepllerron
1117 4263 1141 4320 0
1179 4265 1457 4336 momeeponenor

462 4359 493 4399 ao
579 4361 611 4400 ao
