3009 5200
503 431 661 488 Conlatio
680 430 713 494 V,
730 429 808 486 o-t.
1154 429 1219 496 123

80 623 178 688 etium
202 621 371 708 castigatio
394 621 563 704 corporalis
584 621 759 700 mcesserit
783 637 862 704 quae
884 619 1019 695 ieiuniis,
1042 617 1162 702 uigiliis
1183 623 1216 684 et

80 726 187 808 operis
209 725 401 792 contritione
423 724 589 809 perficitur,
618 723 729 807 hisque
756 724 854 790 inunt
874 721 1007 788 remotio
1028 722 1137 788 localis
1158 722 1215 788 ud·

80 830 200 908 iuncta
231 829 308 913 quia
336 828 418 895 sicut
449 829 612 894 umbonum
634 827 723 910 uitio,
754 827 788 894 id
810 829 859 893 est
881 829 1004 892 animae
1026 829 1058 890 et
1080 824 1215 908 corporis

79 935 288 1016 generantur,
316 933 363 1000 itu
391 932 531 1016 superori
562 929 625 998 uisi
657 931 821 1014 utriusque
842 929 949 997 labore
971 948 1032 996 uon
1054 930 1213 1012 poterunt.

11 1029 12 1036 ’
62 1037 113 1100 set
134 1035 219 1102 licet
243 1036 353 1105 matus
374 1036 533 1118 apostolus
549 1035 655 1100 omnia
669 1033 751 1101 uitia
764 1031 1247 1117 generaliterpronuutiauaritt

79 1155 147 1204 mse
171 1139 324 1218 ccrnnlia
347 1139 500 1222 siquidem
523 1136 704 1204 inimicitius
727 1141 760 1201 et
780 1137 843 1202 iras
865 1138 960 1218 atque
976 1135 1116 1202 haereses
1131 1135 1215 1200 iuter

79 1243 187 1307 catara
208 1243 314 1308 carnis
337 1259 429 1324 opera
450 1239 671 1318 numerauerit
693 1257 751 1306 nos
773 1243 883 1306 tanum
897 1240 937 1305 ad
952 1238 1082 1306 illorum
1097 1239 1214 1305 curati·

79 1363 154 1410 ones
175 1346 275 1428 atque
297 1347 424 1413 naturus
446 1343 629 1428 diligentius
651 1343 843 1426 colligendas
866 1342 983 1426 duplici
1005 1361 1043 1407 ea
1064 1341 1215 1407 diuisione

78 1447 323 1532 distinguimus.
360 1466 433 1514 nam
465 1465 500 1511 ox
533 1446 583 1512 his
618 1447 773 1529 quaedam
800 1445 932 1514 dicimus
966 1464 1033 1512 esse
1066 1444 1214 1529 earnalia,

53 1551 239 1634 squaedam
261 1569 335 1618 uero
357 1549 520 1634 spiritalia.
558 1549 590 1616 et
611 1550 668 1616 illa
689 1550 817 1632 quidem
838 1549 986 1630 carnalia,
1003 1567 1082 1633 quae
1095 1548 1213 1631 specia-

79 1653 154 1718 liter
180 1657 224 1720 ad
254 1654 355 1720 fotum
385 1671 573 1734 sensumque
604 1653 760 1736 pertinent
786 1653 899 1734 carnia
932 1652 1045 1736 quibus
1074 1653 1132 1718 illa
1167 1653 1214 1720 ita

78 1757 258 1823 delectatur
281 1774 318 1822 ao
339 1756 484 1842 pasoitur,
507 1757 543 1820 ut
557 1756 654 1823 etiam
669 1755 792 1840 quietm
807 1756 919 1822 incitet
939 1761 1062 1822 mentes
1077 1755 1211 1825 inuitas·

80 1879 139 1942 que
161 1879 220 1926 eas
241 1877 475 1944 nonnumquam
496 1860 658 1943 pertrahat
681 1860 720 1926 ad
742 1877 816 1926 suae
838 1859 1015 1926 uoluntatis
1036 1862 1211 1926 adsensum.

80 1963 116 2028 do
139 1963 259 2047 quibus
282 1964 393 2030 beatus
420 1965 577 2046 apostolus
606 1965 645 2029 in
667 1963 829 2046 quibus,
851 1963 907 2042 ait,
930 1967 970 2028 et
991 1981 1056 2029 uos
1077 1967 1245 2032 omues5

55 2067 299 2151 utaliquando
333 2065 566 2134 conuersati
599 2084 734 2132 sumus
763 2065 804 2130 iu
833 2064 1047 2132 desideriis
1083 2066 1213 2132 earnis

81 2174 262 2246 nostrae,
293 2171 493 2237 facientes
522 2171 776 2237 uoluntatem
807 2172 936 2236 oannis
957 2172 997 2234 et
1019 2169 1211 2253 cogitati·

81 2291 213 2352 ouum,
243 2278 283 2339 ot
312 2293 469 2342 eramus
497 2275 641 2340 natura
668 2273 758 2338 iilii
785 2273 869 2340 irae
889 2275 993 2339 sicut
1014 2274 1053 2338 et
1074 2273 1211 2339 octeni.

81 2376 241 2458 spiritalia
265 2396 337 2442 uero
359 2377 505 2462 dicimus,
532 2395 610 2460 qnae
632 2376 790 2442 instinctu
812 2377 934 2441 animae
956 2376 1052 2442 solius
1067 2377 1137 2442 orta
1150 2394 1211 2442 uon

81 2481 182 2544 solum
207 2479 288 2545 nihil
311 2480 482 2562 uoluptatis
505 2479 666 2546 conferunt
687 2477 787 2555 carni,
814 2478 990 2545 sedetiam
1012 2479 1209 2563 grauissimis

55 2602 145 2647 asum
184 2581 391 2667 languoribus
429 2581 605 2649 adficientia
648 2580 843 2649 miserrimae
878 2581 1084 2649 iucunditatis
1119 2582 1211 2665 pastu

84 2685 223 2751 animam
246 2686 371 2753 tuntum
396 2688 541 2752 nutriunt
556 2686 781 2770 aegrotantem.
816 2689 849 2752 et
863 2684 977 2751 idcirco
991 2685 1069 2751 haee
1084 2685 1211 2767 quidem

83 2788 221 2871 simplici
251 2788 354 2855 cordis
381 2788 524 2873 indigent
546 2788 708 2873 medicina,
737 2807 816 2872 qoae
840 2790 946 2855 autem
969 2786 1105 2853 annalia
1126 2792 1210 2869 sunt,

84 2910 140 2955 nou
162 2890 230 2955 nisi
246 2891 364 2974 duplici
380 2894 641 2974 quemadmodum
659 2890 794 2957 diximus
810 2891 849 2957 ad
865 2891 1036 2957 sanitatem
1051 2890 1212 2958 curatione

83 2996 281 3075 perueniunt.
318 2996 400 3061 unde
427 2994 561 3077 puritati
587 2994 788 3061 studentibus
814 2994 989 3077 plurimum
1017 2992 1148 3079 confert,
1176 2994 1213 3059 ut

57 3096 192 3161 charum
215 3097 390 3163 carnalium
412 3098 590 3181 passionum
612 3098 696 3181 ipsas
720 3098 866 3163 materias
888 3096 948 3165 sibi
970 3097 1117 3181 primitus
1138 3096 1222 3173 subs

84 3198 221 3279 trahant,
253 3198 367 3282 quihus
400 3203 502 3283 potest
529 3201 583 3267 uel
610 3201 729 3267 occasio
758 3200 811 3267 uel
838 3200 1009 3267 recordatio
1042 3199 1210 3265 earundem

84 3301 264 3384 passionum
285 3304 461 3387 aegrotanti
476 3304 579 3370 adhuc
593 3304 715 3369 ammae
730 3305 883 3391 generari.
918 3320 1040 3369 necesse
1062 3307 1110 3367 est
1125 3301 1244 3367 euimd

87 3408 120 3469 ut
139 3403 253 3471 morbo
275 3404 395 3488 duplici
416 3406 530 3488 duplex
552 3405 738 3472 adhibeatur
761 3406 890 3473 curatio.
928 3424 1002 3471 nam
1024 3404 1156 3486 corpori,
1171 3423 1210 3469 ne

182 3591 200 3645 c
221 3589 257 3646 u.
276 3576 336 3645 dn.
355 3592 380 3656 s,
399 3591 432 3646 ne
444 3607 501 3661 sqq.
606 3593 639 3647 14
655 3590 724 3661 sps.
741 3592 767 3657 n,
784 3592 802 3646 ³

132 3764 149 3816 6
166 3762 254 3832 adque
276 3762 394 3820 Vivo?
488 3763 595 3819 hereses
611 3763 768 3820 DWOPX
868 3765 990 3835 oroque
1009 3764 1146 3819 VD¹WP

86 3844 200 3917 dupplici
214 3848 381 3917 offundis»)
458 3850 490 3904 11
508 3852 595 3905 totum
613 3850 793 3907 VD¹WOP¹=
818 3854 923 3907 motum
932 3851 976 3907 θ’
1001 3856 1093 3905 uotum
1105 3850 1143 3904 Ρ

86 3936 172 3988 tntum
187 3950 296 3989 uncum
313 3935 346 3989 X
434 3936 474 3989 ita
490 3952 541 3991 osu
561 3936 585 3992 0
677 3937 710 3991 12
727 3937 860 4006 inquietet
878 3937 902 3992 O
994 3937 1027 3992 16
1044 3937 1214 4004 uoluptotaun

90 4016 139 4072 VP
166 4019 357 4089 uoluptatisO
461 4022 587 4090 idquae]
605 4021 671 4093 pD
771 4023 903 4077 instinctu
920 4022 963 4077 D²
1065 4022 1098 4077 19
1115 4021 1213 4076 uolun-

86 4105 149 4157 tat'u
178 4105 242 4159 VD*
340 4108 429 4161 carnis
453 4107 484 4161 D
513 4107 601 4161 munis
625 4111 653 4162 et
679 4110 718 4165 W
817 4109 855 4163 20
879 4108 1037 4177 longoribnu
1060 4108 1145 4165 DOP

87 4189 255 4245 iocunditatis
280 4192 386 4248 V’WX
481 4193 517 4247 22
534 4192 680 4249 iudientO
774 4194 905 4249 mediciud
922 4195 992 4250 170ι
1020 4195 1153 4249 medicina
1169 4197 1211 4249 in·

87 4275 176 4345 dieat
196 4278 238 4333 1)ι
340 4279 375 4333 23
398 4279 614 4350 curationemque
640 4281 663 4336 O
765 4283 800 4337 26
824 4287 887 4350 pote
904 4286 946 4336 ast
971 4282 994 4337 0
1096 4283 1131 4337 28
1152 4282 1214 4336 adi·

89 4362 176 4417 tacu
197 4364 256 4420 Wo
357 4380 408 4420 nec
427 4364 478 4421 ΟΡ
