3009 5200
560 412 721 473 coemtio
742 412 803 481 XX.
823 414 848 471 1.
1201 416 1267 486 555

134 607 170 673 nt
198 604 411 687 susciperetur
439 603 587 671 obtinuit.
624 604 679 671 nbi
709 604 900 673 adulescenti
929 604 1051 671 suidam
1073 605 1173 685 fratri,
1202 607 1258 689 qni

132 708 259 775 bortum
280 709 461 793 susceperat
482 707 691 787 excolendum,
711 708 744 775 in
759 707 988 777 adminiculum
1002 710 1170 791 deputatas
1185 727 1259 778 eum

132 828 196 879 non
216 810 318 879 solum
340 812 455 893 omnia,
478 829 556 894 qnae
579 812 663 879 idem
683 812 879 897 praepositus
900 812 1086 896 imperasset
1107 812 1159 879 net
1178 830 1256 897 qnae

131 912 264 981 iniuncti
293 914 394 999 operis
423 932 498 981 eura
531 918 690 999 poscebat,
718 934 791 981 cum
812 916 1020 983 admiratione
1042 918 1109 982 tam
1130 918 1256 983 sanctae

107 1017 321 1085 sbumilitatis
348 1018 503 1103 impleret,
530 1038 639 1085 nerum
662 1020 759 1085 etiam
781 1021 932 1103 quaedam
955 1020 1129 1087 necessaria
1151 1039 1255 1105 opera,

132 1138 210 1205 quae
238 1125 366 1206 propter
394 1122 552 1189 horrorem
581 1124 630 1189 sni
660 1141 680 1188 a
709 1125 819 1189 ceteris
849 1122 1041 1201 nitebantur,
1070 1124 1116 1189 ita
1138 1123 1255 1191 furtiuo

130 1241 186 1306 per
206 1227 327 1289 noctem
350 1223 455 1291 labore
477 1224 647 1309 perficeret,
667 1230 704 1294 ut
718 1224 906 1292 adueniente
921 1224 1060 1293 diluculo
1083 1228 1184 1294 omnis
1198 1227 1256 1293 illa

131 1330 329 1411 congregetis
352 1330 419 1394 tam
441 1329 567 1397 utilium
590 1348 717 1413 operum
739 1330 895 1397 admirans
910 1330 1070 1415 ignoraret
1086 1331 1253 1410 auctorem,

131 1446 262 1515 cumque
294 1433 341 1499 ita
372 1433 542 1499 trienninm
574 1432 670 1499 terme
706 1432 773 1499 illic
803 1433 941 1516 gaudens
974 1433 1156 1501 desideratis
1187 1438 1255 1499 tam

94 1566 122 1607 rc
130 1532 299 1601 iniuriosae
328 1535 530 1603 subitationis
560 1536 720 1605 laboribus
743 1536 906 1621 exegisset,
935 1536 1048 1603 accidit
1070 1539 1105 1602 nt
1126 1538 1253 1619 qnidam

130 1636 228 1703 irater
257 1639 358 1707 eidem
388 1642 530 1727 cognitus
560 1660 596 1727 er
626 1639 691 1705 iilis
721 1641 803 1707 unde
824 1640 891 1725 ipse
912 1640 1096 1707 discesserat
1116 1640 1253 1725 Aegypti

129 1742 270 1825 partibus
300 1742 470 1810 adueniret.
513 1744 567 1828 qui
599 1762 670 1809 cum
703 1744 741 1807 de
774 1743 1027 1810 indumentorum
1060 1744 1127 1809 eins
1160 1748 1283 1825 atqned

130 1844 226 1911 oiiioii
242 1844 365 1915 uilitate
379 1847 632 1931 promptissimae
646 1847 814 1931 agnitionis
828 1846 1015 1913 facilitatem
1031 1846 1086 1913 diu
1096 1846 1253 1913 haesitans

128 1947 295 2034 cohiberet,
318 1955 389 2035 post
415 1951 658 2035 explorationem
687 1949 974 2019 manifestissimam
994 1953 1033 2017 ad
1063 1951 1129 2017 eius
1151 1967 1254 2035 genna

92 2052 312 2134 „prouolutns
333 2054 469 2139 primurn
491 2056 649 2139 stuporem
671 2054 823 2123 fratribus
844 2056 975 2131 emotis,
999 2055 1110 2121 debinc
1130 2053 1253 2138 prodito

130 2154 227 2223 etiam
255 2158 389 2239 nomine,
420 2161 501 2243 quod
530 2160 611 2241 apud
632 2159 705 2225 iilos
728 2178 849 2243 qnoque
870 2160 1052 2244 praecipuae
1074 2156 1252 2223 sanctitatis

128 2256 213 2325 rama
243 2260 438 2343 uulgauerat,
469 2262 565 2329 etiam
592 2262 729 2329 dolorem
751 2262 985 2347 conpunctionis
1007 2262 1148 2338 incussit,
1171 2262 1253 2345 quod

128 2360 248 2429 scilicet
270 2363 352 2430 tanti
374 2364 481 2432 meriti
503 2367 535 2431 et
552 2366 718 2432 sacerdotii
734 2366 839 2432 uirum
853 2368 918 2433 tam
935 2366 1094 2431 iniuriosis
1109 2362 1251 2448 operibns

129 2463 340 2549 deputassent.
377 2467 431 2534 sed
452 2472 615 2552 postquam
638 2468 714 2533 flens
730 2468 867 2535 ubertim
883 2473 914 2534 et
929 2468 1098 2535 diabolicae
1113 2467 1282 2536 inuidiaeb

88 2568 216 2653 aequasi
237 2588 364 2655 grauem
385 2572 570 2656 proditionis
592 2590 666 2638 snas
689 2574 835 2656 inputans
850 2590 958 2640 meum
972 2572 1011 2640 ad
1026 2568 1250 2639 monasterium

123 2689 216 2738 snum
237 2673 403 2743 honorifica
425 2675 560 2743 iratrnm
582 2677 723 2744 custodie
745 2677 901 2742 ambiente
918 2676 1085 2760 perductus
1101 2677 1159 2756 est,
1183 2672 1250 2740 sri-

123 2794 185 2861 guo
200 2776 267 2842 illio
280 2779 417 2864 tempere
432 2782 608 2848 demoratus
625 2799 732 2846 rursus
746 2779 881 2848 offensus
896 2781 945 2846 est
957 2780 1033 2866 ipsis
1053 2779 1178 2844 bononis
1199 2774 1249 2842 sni

126 2897 164 2945 ao
178 2880 333 2964 primatus
348 2881 505 2966 obsequiis
519 2903 555 2950 ao
570 2883 677 2953 furtim
693 2883 900 2950 conscendens
915 2901 1025 2950 nauem
1039 2881 1079 2948 ad
1093 2881 1248 2946 Palaesti-

126 3001 200 3050 nam
221 2983 329 3069 Spriae
350 2987 544 3072 prouinciam
567 2989 783 3070 transmeanit,
810 2987 865 3054 nbi
887 2987 975 3055 uelut
988 2985 1139 3068 incipiens
1155 2987 1250 3068 atqua

89 3087 268 3158 sanonioins
296 3089 331 3154 in
359 3088 416 3155 illo
446 3091 479 3156 in
508 3108 568 3173 qno
598 3108 652 3156 nos
683 3091 874 3174 degebamus
902 3087 1085 3156 monasterii
1106 3089 1249 3170 receptus

124 3189 301 3274 habitaculo
315 3192 350 3258 in
365 3195 472 3260 nostm
486 3193 600 3260 cellula
615 3193 654 3260 ab
670 3192 785 3260 abbate
800 3195 984 3278 praeceptus
996 3193 1045 3258 est
1056 3208 1249 3258 conmanere.

124 3297 179 3372 sed
201 3313 259 3362 nse
281 3295 348 3362 illic
370 3298 496 3380 quidam
519 3297 572 3364 diu
593 3296 727 3365 uirtutes
753 3295 819 3363 eins
841 3314 879 3365 ac
901 3295 1016 3363 merita
1033 3295 1134 3360 tatere
1153 3295 1248 3382 potn-

176 3581 294 3649 loptin.
311 3581 340 3636 B
430 3579 589 3637 aduiiscsnti
605 3581 704 3638 sm
726 3582 838 3638 adolesc
855 3582 898 3637 K*
985 3581 1109 3636 tortum
1126 3580 1181 3637 ΒΟ

123 3665 266 3737 ωοίμβ*
360 3665 533 3722 amiculo
551 3667 579 3722 Β
607 3667 819 3724 adminicniolt'
910 3667 1036 3738 qnan
1128 3666 1248 3724 beidam

124 3752 149 3810 0
240 3753 402 3822 decumo
486 3753 722 3814 ammirationaB
757 3803 761 3808 .
817 3753 894 3811 dita
911 3754 1015 3810 turtius
1029 3753 1185 3823 paroeat

122 3839 292 3909 taediari*
387 3839 569 3910 pmimico
664 3838 824 3896 adueniente
840 3852 892 3896 oca.
911 3839 978 3911 Oia
1078 3838 1249 3908 tonumque

125 3924 149 3982 θ
250 3925 365 3981 nudem
389 3924 419 3983 1¹
520 3927 555 3982 10
579 3926 792 3984 subiectionibus
816 3926 897 3986 ΒΨ
997 3924 1178 3996 exigisseta¹

122 4012 158 4066 bi
172 4013 231 4082 ipss
247 4010 318 4067 BF:
344 4011 392 4068 iile
410 4011 478 4083 Ode
578 4013 809 4085 lacrimosis:
839 4011 886 4068 od
903 4012 962 4069 dns
978 4011 1038 4068 BF
1126 4011 1247 4080 prompt

120 4099 150 4154 Β
247 4098 435 4168 nonnemo
529 4099 781 4170 nummus-tn*
871 4097 1060 4168 ldetlacdc
1088 4096 1179 4155 mro

120 4185 156 4241 m
180 4185 334 4240 demuntur
355 4198 462 4242 ruem
483 4187 503 4258 β
603 4187 690 4258 ipsius
713 4185 780 4245 8²0
880 4186 915 4243 23
930 4183 1117 4242 mdemo
1144 4185 1247 4239 iescam

120 4271 317 4340 mlitio-
333 4271 375 4338 Z)¹
468 4273 726 4342 paicstimmcedd
827 4271 1078 4343 btpronintiarnti
1174 4273 1249 4327 ince-

121 4357 196 4428 piam
213 4355 256 4412 K*
357 4357 390 4414 27
411 4373 460 4413 nea
477 4356 567 4414 BFr:
595 4374 630 4416 ns
649 4359 713 4430 Ode
813 4359 927 4416 uirtutis
942 4357 1010 4420 82¹
1119 4428 1125 4438 x
