3009 5200
195 410 259 475 510
587 406 748 461 Iohsnuis
766 406 924 462 Cassiani

195 616 305 679 quam
329 615 445 679 egens
468 598 552 662 erat
574 596 805 661 interillos:
829 601 1022 679 quotquot
1044 597 1148 661 enim
1165 616 1323 681 posses·

195 718 301 765 sores
331 717 511 783 agrorum
541 702 609 765 aut
638 700 838 765 domorum
867 704 995 784 erant,
1018 699 1234 767 uendentes
1255 701 1319 767 ad·

196 803 375 868 serebant
396 804 523 884 pretia
546 819 675 867 eorum
698 821 796 885 quae
818 805 1043 871 uendebaut
1065 804 1319 885 etponebaut

195 908 284 971 ante
314 907 428 989 pedes
459 906 750 987 apostolorum:
786 906 1045 973 diuidebatur
1074 912 1205 972 autem
1238 908 1318 971 sin·

165 1010 300 1091 2gulis
323 1012 437 1092 prout
460 1010 602 1091 cuique
625 1027 722 1092 opus
753 1012 846 1075 erat.
884 1010 969 1088 talis,
992 1010 1131 1093 inquam,
1154 1011 1221 1075 erat
1242 1014 1318 1077 tunc
1339 1028 1359 1069 ε

195 1114 293 1178 omnis
323 1114 464 1192 ecclesia,
492 1113 599 1196 quales
629 1133 711 1179 nunc
741 1132 909 1196 perpaucos
938 1116 972 1179 in
998 1113 1154 1179 coenobiis
1176 1113 1317 1179 inuenire

195 1216 320 1281 difficile
344 1219 400 1281 est.
438 1217 492 1281 sed
515 1235 584 1281 cum
607 1218 817 1300 apostolorum
848 1236 972 1282 excessu
994 1221 1147 1300 tepescere
1169 1218 1319 1299 coepisset

194 1320 389 1385 credentium
418 1319 597 1399 multitudo,
629 1338 666 1385 ea
687 1321 739 1385 uel
761 1321 896 1385 maxime
919 1339 998 1402 quae
1020 1322 1059 1385 sd
1081 1320 1176 1386 iidem
1197 1319 1317 1386 Christi

193 1421 230 1486 de
253 1422 436 1505 alienigenis
465 1439 502 1487 ac
532 1422 664 1487 diuersis
685 1422 834 1505 gentibus
860 1422 1046 1501 confluebat,
1068 1441 1088 1487 a
1108 1422 1222 1505 quibus
1243 1439 1317 1504 apo-

195 1526 266 1589 stoli
290 1542 344 1607 pro
367 1523 444 1605 ipsis
465 1522 539 1587 fidei
568 1523 755 1589 rudimentis
776 1528 809 1589 et
831 1524 1007 1591 inueterata
1032 1526 1221 1609 gentilitatis
1244 1543 1360 1590 con-re

195 1626 358 1693 suetudine
381 1626 459 1691 nihil
481 1625 614 1706 amplius
637 1625 824 1709 expetebant
839 1628 899 1691 nisi
922 1630 964 1691 ut
985 1627 1029 1692 sb
1052 1628 1317 1693 inmolaticiis

193 1731 392 1796 idolorum
416 1733 454 1793 et
476 1728 748 1794 fornicatione
770 1735 807 1795 et
831 1730 1317 1813 suffocatisetsanguiue

194 1833 412 1916 temperarent,
436 1835 527 1913 atque
549 1831 612 1897 ista
634 1830 766 1898 libertas
789 1852 867 1915 qnae
880 1834 1029 1917 gentibue
1044 1838 1169 1917 prepter
1183 1832 1316 1899 infirmi·

194 1940 293 2002 tatem
324 1938 440 2018 primae
473 1935 670 2001 credulitatis
699 1935 825 2001 indulta
853 1937 903 2001 est
932 1937 1026 2003 etiam
1054 1938 1140 2003 illius
1167 1938 1317 2003 adelasiae

193 2040 414 2121 perlectionem
444 2055 522 2120 quae
549 2037 776 2121 Hierosolymis
804 2038 996 2105 consistebat
1025 2039 1177 2120 paulatim
1208 2044 1359 2105 conta-re

192 2144 310 2209 minare
334 2142 492 2224 coepisset,
518 2143 548 2205 et
570 2143 726 2207 crescente
748 2141 862 2207 cotidie
884 2141 934 2207 uel
952 2142 1171 2227 indigenarum
1186 2160 1315 2209 numero

193 2246 244 2313 uel
273 2246 462 2311 aduenarum
492 2243 612 2327 primae
641 2243 728 2308 illins
760 2242 833 2309 fidei
861 2244 1078 2327 refrigesceret
1111 2245 1225 2323 feruor,
1254 2264 1315 2311 uon

192 2348 292 2416 solum
315 2348 349 2413 hi
372 2350 426 2432 qui
448 2348 487 2412 ad
509 2346 604 2412 fidem
625 2344 744 2411 Christi
765 2345 988 2430 confluxerant,
1015 2366 1122 2413 uerum
1147 2348 1245 2413 etiam
1265 2346 1316 2411 illi

192 2452 245 2535 qui
274 2455 362 2515 eraut
392 2450 537 2516 ecclesiae
568 2448 722 2533 principes
753 2450 792 2515 ab
814 2449 871 2513 illa
894 2449 1087 2515 districtione
1110 2450 1207 2517 laxati
1228 2451 1314 2515 sunt

163 2556 333 2626 3nonnulli
367 2553 461 2633 enim,
495 2552 705 2618 existimantes
735 2552 766 2618 id
797 2554 879 2638 quod
909 2552 1059 2619 uidebant
1088 2552 1233 2637 gentibus
1259 2569 1314 2638 pro
1323 2577 1357 2620 10

192 2658 377 2725 infirmitate
400 2674 579 2723 concessum
608 2657 670 2722 sibi
692 2655 790 2721 etiarn
812 2656 947 2738 licitum,
976 2656 1057 2722 nihil
1077 2675 1111 2721 se
1134 2656 1315 2722 detrimenti

191 2762 310 2847 perpeti
341 2760 547 2842 crediderunt,
579 2759 607 2823 ei
638 2779 708 2826 cum
739 2759 926 2824 substantiis
954 2777 991 2825 ac
1020 2759 1226 2824 facultatibus
1249 2760 1315 2824 suis

193 2863 284 2930 fidem
308 2863 424 2930 Christi
448 2862 733 2945 confessionemque
764 2864 974 2945 sequerentur.
1013 2862 1047 2926 hi
1074 2864 1181 2927 autem
1202 2861 1315 2945 quibus

192 2967 293 3033 adhue
315 2967 501 3051 apostolicus
523 2967 623 3032 iuerat
647 2967 761 3045 feruor,
788 2983 940 3032 memores
962 2965 1049 3030 illiue
1072 2967 1222 3049 pristinae
1243 2984 1312 3048 per-

192 3067 344 3141 fectionis.
375 3069 567 3135 discedentes
598 3088 616 3134 s
645 3069 830 3134 ciuitatibus
857 3070 920 3135 suis
943 3069 1129 3151 illorumque
1151 3070 1359 3140 consortione

193 3171 246 3256 qui
269 3172 330 3239 sibi
351 3171 404 3238 uel
420 3173 565 3238 ecclesiae
581 3172 629 3237 dei
645 3171 831 3238 remissioris
847 3174 931 3239 uitae
945 3171 1179 3254 neglegentiam
1194 3172 1313 3236 licitam

193 3295 258 3341 esse
280 3273 460 3354 eredebant,
484 3275 515 3338 iu
539 3276 615 3340 locis
639 3272 830 3340 suburbanis
850 3293 885 3340 ac
900 3274 1117 3339 secretioribus
1132 3292 1316 3339 conmanere

193 3381 223 3443 et
256 3397 299 3456 ea,
337 3396 416 3460 quae
455 3377 493 3442 ab
529 3379 677 3462 apostolis
715 3395 770 3460 per
805 3378 987 3444 uniuersum
1022 3396 1132 3462 corpus
1167 3379 1315 3443 ecclesiae

295 3603 326 3656 11
346 3601 363 3656 l.
383 3619 406 3657 c.
425 3602 466 3666 15,
483 3601 517 3654 29

244 3809 259 3860 1
286 3805 426 3876 quodquod
452 3805 507 3860 FO
536 3805 674 3875 quodquet
701 3805 739 3860 R¹
843 3806 925 3874 enim]
953 3808 1043 3860 autern
1069 3806 1099 3860 F
1202 3806 1219 3859 3
1245 3819 1321 3873 qnae

193 3891 459 3946 nordebertum*
560 3891 940 3947 4(111111111111110111011111
1044 3894 1133 3948 autern
1150 3906 1202 3946 oss.
1219 3889 1247 3945 R

192 3981 207 4032 7
226 3995 286 4032 cum
304 3981 366 4048 post
385 3982 469 4048 spost.
489 3993 621 4034 excessum
644 3977 728 4033 ΘΒΚ
733 3995 748 4031 0
845 3978 923 4047 810]
941 3980 968 4031 et
985 3976 1025 4031 ΚΙ
1123 3977 1139 4030 9
1157 3974 1314 4044 alieniginis

193 4065 232 4120 11¹
337 4065 370 4118 12
394 4063 568 4120 suffocaticiis
589 4063 616 4116 R
720 4063 752 4118 13
771 4061 857 4131 sdque
874 4062 929 4117 ΡΒ
1032 4063 1063 4118 15
1082 4061 1268 4130 hierusolpmis
1286 4060 1317 4114 F

193 4153 220 4204 111
239 4151 412 4220 gerosolimis
431 4151 458 4206 R
487 4149 664 4204 iherosolimis
687 4149 709 4204 O
812 4149 844 4202 16
862 4149 984 4217 quotidie
1007 4148 1029 4204 0
1131 4146 1313 4215 indiginorum

194 4237 233 4292 K'
337 4235 434 4290 181111
460 4235 576 4292 FORK
681 4235 715 4288 23
742 4233 781 4289 lrii
808 4234 924 4292 FORK
1027 4233 1061 4288 26
1086 4233 1249 4288 remissionis
1275 4231 1316 4286 Ρ

194 4320 355 4374 remissiores
374 4319 405 4374 K
411 4325 418 4350 ¹
520 4320 714 4391 negligentiam
734 4321 805 4376 FK¹
