3009 5200
255 393 322 461 486
651 387 815 447 Iohannis
833 385 993 444 Cassiani

255 580 343 649 illam
375 580 429 645 diu
452 580 641 647 occultatam
667 575 827 643 mendacio
850 576 1018 643 ueritatem
1040 574 1142 658 inpiae
1164 574 1291 659 cosingi
1311 594 1388 658 por·

256 683 462 751 nicicsissime
477 682 650 767 prodidisse
665 678 908 757 reminiscimur,
926 680 979 745 cui
992 680 1155 762 propterea
1168 679 1386 761 deceptionem

255 787 368 855 intulit
389 788 507 853 ueritas
529 785 794 853 inconsultissime
815 783 983 867 patefacta,
1009 783 1084 865 quia
1104 782 1186 849 illud
1201 782 1385 849 mndatum

256 890 472 973 propheticum
504 890 658 957 custodire
688 888 844 971 neglexit:
874 886 921 951 nb
950 905 1009 963 ee,
1044 904 1141 969 quae
1169 886 1317 953 dormit
1345 886 1386 951 in

254 994 450 1073 sinutuo,
475 992 634 1060 custodi
657 994 836 1059 claustra
862 988 1032 1056 cristol.
1342 1005 1344 1010 ·
1407 1009 1423 1049 c

297 1113 382 1178 XIII.
412 1112 453 1178 Et
483 1120 519 1179 ut
547 1113 687 1196 exempla
716 1111 871 1194 quaedam
900 1110 939 1175 de
965 1111 1082 1177 uostris
1104 1127 1226 1193 quoquo
1247 1109 1385 1175 ineuita-

256 1216 371 1284 bilibus
404 1234 440 1283 ac
473 1236 570 1299 paone
604 1215 769 1283 cotidianis
803 1215 1042 1280 necessItntibus
1071 1214 1273 1296 proferamus,
1303 1232 1386 1295 quas

254 1320 453 1403 quantalibet
481 1321 679 1385 obseruantia
711 1336 883 1400 numquam
913 1317 961 1381 ita
993 1334 1160 1399 possumne
1188 1335 1384 1399 praecanere,

256 1428 291 1487 ut
314 1442 375 1489 non
398 1425 450 1489 uel
474 1424 567 1491 inuiti
589 1423 641 1489 uel
671 1422 811 1487 uolentes
833 1421 867 1485 iu
890 1440 942 1486 eas
959 1438 1106 1506 cogamur
1122 1422 1293 1485 incurrere:
1308 1419 1385 1501 qnid

219 1524 223 1534 '
255 1544 370 1608 quaeso
400 1526 578 1593 faciendum
608 1530 666 1605 est,
689 1545 762 1592 cum
790 1525 989 1590 refectionem
1022 1523 1248 1607 procrastinare
1279 1523 1424 1604 dispo-ue

257 1628 405 1695 uentibus
420 1630 518 1707 nobis,
534 1631 641 1697 utrum
657 1628 867 1706 refecerimus,
884 1628 924 1692 ad
935 1646 1097 1711 uesperam
1109 1628 1206 1692 frater
1216 1625 1386 1691 adueniens

255 1738 478 1814 percontatur:
513 1732 720 1797 colendumne
749 1733 901 1797 ieiunium
931 1733 977 1795 est
999 1732 1032 1795 et
1053 1730 1155 1795 uirtus
1176 1731 1385 1811 parsimoniae

224 1839 455 1921 icontegeuda,
480 1856 520 1902 en
543 1837 689 1902 ueritatis
711 1836 903 1919 professione
922 1834 1103 1917 prodenda?
1129 1836 1156 1897 ei
1179 1835 1326 1913 celamus,
1349 1835 1386 1897 ut

256 1938 411 2004 dominico
441 1941 672 2006 satisfaciemus
700 1938 833 2020 imperio
864 1955 925 2020 qno
953 1937 1084 2003 dicitnr:
1108 1956 1181 2001 non
1203 1936 1385 2001 uideatis

256 2042 478 2108 homiuibus
500 2044 685 2108 ieiunans
716 2042 785 2106 sed
814 2042 920 2123 pstri
950 2044 1015 2105 tuo
1042 2041 1111 2123 qui
1141 2044 1202 2104 eet
1230 2040 1269 2104 in
1298 2038 1423 2103 abs-1⁵

255 2144 430 2223 condito,
455 2152 486 2210 ot
516 2145 649 2211 iterum:
677 2164 721 2209 ne
743 2145 850 2209 sciat
875 2145 1042 2210 sinIstra
1064 2150 1130 2208 tue
1152 2144 1386 2225 qnidfaciat

257 2246 421 2313 dexteru
449 2251 531 2328 tua,
563 2248 700 2332 profecto
730 2248 910 2313 mentimur.
947 2246 975 2310 si
998 2247 1150 2311 uirtutem
1172 2247 1384 2311 continentiae

257 2352 466 2432 propalamus,
497 2351 679 2435 euangelica
711 2366 766 2415 nos
795 2353 952 2416 sententie
981 2350 1051 2414 iure
1078 2350 1244 2432 percellet:
1276 2367 1385 2416 amon

225 2456 341 2521 3dicc
377 2455 508 2533 uobis,
545 2456 788 2537 receperunt
831 2454 1052 2519 mercedem
1089 2470 1205 2517 suam.
1249 2453 1325 2535 quid
1357 2452 1385 2518 ei

256 2556 398 2623 oblatum
420 2578 439 2625 a
460 2558 559 2624 fratre
582 2558 734 2642 quispiam
758 2557 906 2640 poculum
928 2564 1000 2622 cum
1015 2556 1196 2623 definitione
1212 2556 1426 2639 rennueriteo

257 2661 398 2727 absoluta
411 2664 610 2746 accepturum
622 2680 688 2727 esse
705 2680 739 2727 se
755 2663 911 2744 denegans
925 2661 1007 2743 quod
1022 2660 1077 2725 ille
1091 2661 1229 2744 gaudens
1244 2661 1383 2726 aduentu

256 2766 322 2828 aius
344 2765 525 2849 suppliciter
547 2768 585 2830 ut
607 2767 751 2830 sumetur
773 2764 899 2829 exorat?
925 2767 1088 2828 rectumne
1111 2766 1159 2828 est
1179 2769 1216 2828 ut
1238 2764 1328 2828 fratri
1344 2763 1384 2828 ad

255 2885 355 2944 genua
388 2867 552 2950 prouoluto
585 2869 618 2932 iu
651 2870 827 2949 terramque
860 2868 1024 2950 prostrato,
1059 2866 1112 2948 qni
1145 2883 1206 2930 nou
1240 2869 1301 2931 nisi
1335 2866 1383 2932 his

256 2969 367 3034 officiis
390 2972 509 3036 uiscera
531 2971 672 3036 caritatis
695 2972 891 3055 expleturum
917 2987 985 3034 esse
1007 2988 1040 3034 se
1063 2972 1168 3048 credit
1192 2969 1288 3035 etium
1312 2987 1386 3034 cum

256 3072 361 3137 labore
389 3091 445 3138 sno
475 3076 593 3157 pareat,
625 3094 663 3138 en
694 3075 726 3138 in
749 3073 901 3138 sermonis
923 3074 1088 3155 scirique
1110 3073 1262 3155 propositi
1285 3073 1424 3155 perti-es

256 3174 346 3240 uscia
368 3179 565 3257 perseueret?

298 3295 401 3366 XXII.
426 3312 626 3362 enumeres:
650 3297 688 3360 Iu
711 3295 766 3360 illo
782 3295 909 3378 quidem
923 3297 1082 3380 superiore
1097 3299 1236 3379 exemplo
1252 3295 1387 3361 dubium

256 3407 292 3466 ut
325 3399 484 3466 credimus
518 3419 580 3467 uon
614 3409 660 3466 eet
694 3401 768 3483 quin
803 3400 946 3484 expediat
979 3398 1128 3467 abscondi
1158 3398 1386 3466 continentiam

358 3647 553 3713 tilianae
640 3648 837 3714 14Μ1.6,18
925 3647 1069 3704 16lc3
1156 3648 1301 3702 mles

309 3878 415 3932 iillum
427 3878 519 3931 ΣΠΟ
598 3880 765 3936 occultatum
777 3881 836 3934 ΣΟ
916 3881 1044 3949 coniungi
1055 3881 1095 3932 Πι
1173 3879 1272 3948 paruit.
1286 3881 1317 3932 Π

254 3962 399 4033 2pmptcr
416 3964 447 4026 Y,
464 3965 513 4017 scd
529 3961 581 4018 dcl-
598 3981 616 4020 a
632 3971 701 4020 m.1
798 3965 902 4034 dprof.
919 3965 950 4018 Π
1042 3965 1156 4019 neclexit
1173 3964 1199 4017 0
1293 3964 1387 4018 doceo

256 4049 402 4120 dictitarat
421 4050 446 4101 Τ
529 4049 544 4101 I
563 4065 629 4118 pene
646 4051 723 4106 ΣΊῸ
809 4051 902 4105 cottid
922 4053 948 4104 Ψ
1029 4051 1196 4106 suculentos
1214 4052 1242 4101 Σ
1322 4057 1386 4119 poet

256 4134 390 4188 Incurrere
408 4134 433 4186 Y
447 4133 479 4186 iu
496 4149 582 4203 mccc.
598 4133 694 4189 dccet:
712 4135 778 4190 XXI
882 4136 913 4190 12
930 4140 1106 4204 percontatur
1124 4137 1158 4186 Y·
1264 4136 1297 4189 14
1314 4136 1387 4204 qnod

257 4219 282 4272 O
384 4219 417 4272 18
441 4219 590 4273 sententiae
612 4217 653 4272 II¹
753 4221 877 4289 percellit
899 4221 928 4272 II
933 4221 979 4276 Oc
1083 4221 1117 4276 19
1142 4221 1212 4289 qnod
1236 4220 1317 4274 ΣΟυ

256 4305 291 4356 ‘io
303 4303 439 4358 rennuerit
451 4302 531 4357 Y¹Or
549 4306 667 4376 renuerit
679 4305 780 4358 ΣΠΊη
854 4307 886 4361 21
899 4323 928 4360 sc
939 4323 990 4362 cac.
1003 4308 1031 4359 Σ
1103 4308 1136 4362 21
1150 4307 1280 4376 superiori
1293 4309 1324 4360 Y·
