3009 5200
267 427 311 492 24
654 423 825 479 Iohannis
849 420 1008 478 Cassiani

268 614 344 678 dum
373 614 501 680 beatum
528 613 706 698 apostolum
736 631 773 678 ac
803 611 977 678 similitudo
999 613 1152 692 consistit,
1175 613 1314 696 deposita
1336 613 1396 680 hac

268 735 331 800 qua
352 716 529 782 retunditur
550 718 583 781 in
605 716 762 800 praesenti
783 716 906 782 sarcina
921 717 1074 798 corporali
1088 715 1301 782 insensibilem
1314 716 1395 796 lieri,

268 839 345 902 qnae
367 837 491 886 omnem
508 821 638 887 rationis
659 820 724 885 uim
748 819 783 883 in
805 837 839 884 sa
859 821 1022 885 continens
1045 819 1141 884 etiam
1163 824 1286 886 mutam
1300 823 1395 902 atqua

267 922 485 988 insensibilem
517 921 681 988 materiam
714 921 820 987 carnis
853 923 1092 1005 participatione
1126 923 1175 988 sni
1211 921 1289 988 facit
1323 939 1394 988 esse

267 1024 459 1110 sensibilem,
488 1044 561 1091 cum
591 1025 699 1108 utique
727 1043 919 1108 consequens
941 1025 986 1090 eit
1007 1027 1040 1090 et
1061 1025 1121 1090 boc
1141 1025 1271 1091 rationis
1291 1026 1392 1110 ipsius
1420 1053 1441 1092 a

266 1129 341 1194 ordo
364 1127 530 1208 contineat,
553 1133 590 1193 ut
612 1129 705 1193 exuta
726 1147 814 1193 mens
835 1130 896 1194 iata
919 1127 1038 1194 carnali
1052 1147 1114 1211 qua
1131 1147 1215 1194 nunc
1229 1130 1393 1195 hebetatur

267 1231 455 1315 pinguedine
483 1231 713 1298 intellectuales
744 1232 877 1297 uirtutes
906 1249 979 1296 suas
1008 1232 1042 1296 in
1071 1231 1186 1298 malins
1214 1233 1393 1315 reparabat

238 1335 406 1418 9puriores
429 1355 480 1401 aas
503 1353 540 1400 ac
569 1333 749 1400 subtiliores
779 1333 912 1417 resipiat
940 1334 1044 1417 potius
1066 1353 1161 1418 quam
1182 1335 1320 1401 amittat.
1360 1335 1395 1400 in

266 1440 392 1504 tantum
414 1441 520 1504 summ
541 1439 598 1504 boc
620 1442 701 1521 quod
723 1437 860 1503 dicimus
881 1437 993 1502 beatus
1015 1438 1174 1520 apostolus
1196 1455 1302 1503 uerum
1327 1453 1394 1504 oeae

266 1542 433 1625 cognoscit,
456 1544 494 1608 ut
516 1541 612 1607 etiam
627 1543 715 1624 optet
728 1541 768 1606 ab
784 1541 841 1605 bac
856 1558 947 1605 carne
962 1540 1130 1624 discedere,
1145 1544 1183 1606 at
1197 1539 1394 1624 separatione
1405 1567 1437 1608 ιο

266 1641 334 1709 eius
367 1645 485 1709 enixius
518 1645 622 1710 ualeat
652 1643 778 1709 domino
807 1642 956 1725 copulari,
991 1644 1110 1709 dicens:
1148 1641 1395 1708 desiderium

267 1745 390 1811 habeo
424 1745 595 1812 dissolui
629 1751 665 1814 et
694 1765 778 1812 cum
811 1745 975 1813 christo
1004 1765 1108 1825 esse,
1138 1749 1263 1814 multo
1292 1746 1396 1812 anim

267 1849 425 1929 melius,
448 1852 628 1932 quoniam
651 1851 739 1917 dum
765 1869 898 1915 sumus
919 1850 960 1913 in
980 1867 1143 1932 corpore
1165 1851 1393 1932 peregrina·

267 1972 350 2018 mur
371 1973 389 2019 a
411 1955 575 2020 domino.
613 1955 646 2018 et
674 1954 789 2020 idcirco
819 1955 1008 2019 audemus
1037 1956 1074 2019 ct
1097 1956 1235 2020 bonam
1255 1951 1394 2019 uolun-

267 2055 390 2121 tatem
426 2054 613 2122 babemus
650 2057 777 2139 magis
820 2056 1074 2140 peregrinari
1110 2074 1128 2120 a
1160 2074 1323 2139 corpore
1356 2057 1436 2123 etas

267 2163 503 2240 praesentes
532 2179 616 2226 esse
647 2159 692 2225 ad
719 2160 926 2225 dominum.
966 2161 1129 2243 propter
1151 2159 1250 2241 quod
1272 2159 1396 2224 ctiam

268 2262 545 2328 contendimus
567 2263 653 2328 siue
675 2263 862 2328 absentes
884 2261 968 2327 siue
991 2264 1223 2346 praesentes
1237 2261 1396 2345 placere

268 2363 350 2442 illi,
381 2367 654 2432 commorationem
683 2365 806 2432 scilicet
836 2365 959 2430 animae
987 2382 1067 2447 quae
1092 2364 1127 2430 in
1148 2364 1208 2430 hac
1230 2381 1323 2430 carne
1345 2365 1395 2429 cst

265 2467 546 2549 peregrinationem
580 2488 598 2536 a
631 2469 757 2536 domino
791 2470 885 2552 atque
920 2467 1093 2534 absentiam
1122 2486 1142 2533 a
1172 2467 1295 2534 Christo
1328 2487 1396 2534 esse

267 2569 472 2652 pronuntians
495 2571 622 2656 eiusque
638 2573 676 2639 ab
692 2572 750 2637 hac
765 2589 857 2637 carne
872 2571 1099 2657 separationem
1113 2573 1208 2655 atque
1221 2572 1394 2638 &aarum
1404 2602 1433 2643 ao

218 2674 473 2754 lopraesentiam
501 2692 569 2741 csse
599 2678 637 2743 ad
668 2674 830 2741 Christum
859 2676 928 2740 tota
948 2675 1133 2741 credulitate
1157 2674 1324 2741 conlidens.
1362 2680 1395 2740 at

268 2774 442 2842 arridentios
464 2776 580 2843 iterum
602 2796 695 2863 super
709 2768 775 2845 ‘boc
796 2779 863 2862 ipso
885 2778 1087 2845 uiuacissimo
1108 2778 1285 2843 animarum
1306 2779 1394 2844 statu

267 2878 351 2945 idem
374 2880 530 2963 apostolus
553 2884 618 2949 sed
641 2882 890 2961 accessistis,
914 2882 1022 2965 inquit,
1045 2882 1090 2946 ad
1113 2880 1206 2946 Sion
1227 2882 1394 2947 montem

268 2984 308 3047 et
335 2984 542 3050 ciuitatem
574 2986 633 3052 dei
662 2986 861 3066 uiuentis,
892 2984 1141 3051 Hierusalem
1164 2984 1393 3059 caelestem,

268 3087 306 3149 ot
338 3086 382 3151 ad
413 3086 624 3153 multorum
661 3087 812 3153 milium
848 3086 1078 3170 angelornm
1111 3086 1432 3171 frequentiam„

267 3190 306 3251 et
334 3188 546 3255 ecclesiam
574 3190 871 3272 primitiuorum
898 3190 963 3274 qui
991 3190 1210 3272 conscripti
1237 3192 1333 3255 sunt
1354 3190 1395 3255 in

267 3288 407 3369 caelis,
431 3294 468 3356 et
490 3293 661 3375 spiritns
684 3293 878 3360 iustorum
900 3292 1176 3376 perfectorum.
1213 3294 1252 3359 de
1280 3292 1394 3376 quibus

267 3390 430 3473 spiritibus
471 3393 505 3459 in
540 3393 602 3459 alio
644 3395 711 3461 loco
747 3392 890 3460 deinde
925 3395 1074 3477 patres,
1110 3393 1227 3479 iuquit,
1263 3396 1395 3461 carnis

267 3494 427 3561 nostrae
476 3495 684 3564 habuimus
731 3495 956 3563 eruditores
1007 3498 1045 3562 ot
1096 3497 1393 3567 reuerebamur:

369 3716 545 3773 loilcor.
567 3717 650 3783 11,7.
687 3716 789 3783 cota
810 3718 843 3772 10
929 3719 960 3773 ll
979 3717 1052 3773 Phil.
1071 3719 1148 3785 bid
1232 3718 1395 3776 ldllcor.

265 3803 327 3868 5,6
429 3803 462 3857 14
480 3801 498 3856 l.
517 3819 538 3859 c.
556 3803 624 3857 8-9
726 3803 861 3859 23Hebr.
883 3804 923 3869 12,
941 3804 1044 3858 22—23
1146 3804 1216 3859 281.
1235 3806 1292 3860 cd

318 4006 438 4077 3adquo
456 4007 493 4063 W
580 3996 697 4063 ddaciat
719 4008 767 4064 W¹
859 4008 942 4062 bisti
959 4008 999 4063 D¹
1086 4009 1150 4079 qnia
1167 4008 1209 4062 D²
1301 4008 1396 4079 ipin-

266 4092 376 4162 guidino
396 4091 490 4150 D¹W¹
593 4094 788 4149 intellectualis
811 4094 852 4149 D¹
955 4099 1091 4164 repararet
1113 4094 1162 4148 W¹
1267 4095 1299 4149 ll
1316 4108 1394 4163 copo-

265 4178 316 4233 lari
333 4178 375 4233 D¹
471 4180 504 4235 15
520 4195 537 4234 a
554 4196 605 4235 om.
622 4180 652 4234 D
748 4180 781 4234 18
799 4181 1077 4235 commemorationem
1097 4181 1146 4236 W¹
1242 4179 1275 4234 19
1292 4179 1395 4249 adquae

268 4266 308 4321 W
399 4265 434 4321 20
450 4265 535 4336 adque
550 4266 582 4323 D
679 4266 713 4321 23
730 4265 825 4335 inquid
842 4266 914 4323 DW
1007 4266 1042 4319 27
1059 4269 1193 4321 rectorum
1210 4280 1245 4320 ex
1262 4266 1394 4321 sectorum

264 4350 296 4405 D
397 4352 432 4406 28
449 4352 544 4420 inquid
567 4352 606 4408 W
