3009 5200
480 418 641 475 Conlatio
666 417 851 483 v1111,1·-a.
1162 417 1224 484 251

111 612 243 691 corporis
271 628 366 691 quam
395 610 611 676 contritionem
643 608 770 691 spiritus
802 606 952 673 indelessa
989 608 1164 690 quaerimus
1194 608 1226 673 et

110 714 222 797 iugiter
244 731 428 778 exercemus.
466 718 498 777 et
519 714 568 778 est
589 713 672 779 inter
698 713 887 779 alterutrum
902 710 1060 793 reciproca
1075 712 1224 793 quaedam

108 816 384 898 inseparabilisque
412 816 598 881 coniunctio.
631 833 706 881 nam
735 814 818 880 siout
847 816 886 879 ad
910 814 1056 879 orationis
1078 813 1224 896 perlecti·

110 937 198 983 onem
228 921 366 984 omnium
394 920 497 984 tendit
526 920 684 984 structura
705 920 869 997 uirtutum,
893 920 939 983 ita
961 918 1020 981 nisi
1043 917 1135 983 huius
1158 916 1225 982 oul-

90 1024 190 1091 emiue
212 1022 290 1087 baec
311 1022 416 1088 omnia
431 1022 547 1087 fuerint
571 1024 728 1105 conligata
742 1026 835 1105 atque
850 1023 1009 1103 conpacta,
1037 1018 1226 1085 nullomodo

108 1126 195 1191 firma
224 1127 372 1207 poterunt
402 1125 451 1191 uel
484 1126 609 1191 stabilia
641 1126 817 1208 perdurare.
854 1123 1112 1206 quemadmodum
1143 1118 1256 1188 euim2

109 1230 173 1293 sine
208 1228 273 1293 illis
303 1230 424 1311 adquiri
454 1228 504 1293 uel
534 1230 742 1293 consummari
772 1246 833 1294 nou
863 1232 966 1311 potest
996 1228 1072 1293 haec
1098 1227 1135 1291 de
1164 1243 1226 1310 qua

107 1333 264 1413 loquimur
285 1333 433 1414 perpetua
456 1332 603 1398 orationis
625 1331 769 1415 iugisque
790 1331 1015 1414 tranquillitas,
1038 1331 1083 1395 ita
1099 1346 1136 1393 ue
1151 1328 1225 1395 illae

109 1436 235 1517 quidem
255 1434 388 1499 uirtutes
410 1454 488 1517 quae
509 1435 589 1501 banc
611 1438 815 1517 praestruunt
845 1434 962 1517 absque
985 1434 1076 1499 huius
1098 1433 1227 1514 possunt

77 1569 101 1607 ro
109 1538 298 1603 adsiduitate
321 1537 464 1621 conpleri.
502 1544 534 1602 st
563 1537 631 1603 ideo
661 1555 719 1602 nec
748 1540 831 1603 recte
860 1538 993 1603 tractare
1019 1534 1226 1601 decretionis

108 1641 220 1707 ellectu
249 1658 306 1705 nec
339 1642 379 1707 ad
407 1642 472 1706 eius
494 1640 700 1723 principalem
722 1640 826 1719 finem
850 1642 902 1723 qui
926 1642 1138 1705 uniuersorum
1160 1637 1226 1703 uir·

109 1744 213 1805 tutum
242 1739 403 1805 molitione
431 1741 598 1822 perficitur,
627 1740 792 1806 subitanea
819 1740 1030 1822 disputatione
1058 1742 1227 1825 poterimus

108 1844 234 1922 intrare,
259 1844 320 1908 nisi
342 1842 428 1927 prius
451 1845 606 1923 uniuersa,
629 1862 709 1927 quae
724 1844 810 1909 illius
826 1843 957 1909 obtentu
973 1846 1023 1909 uel
1038 1845 1228 1913 abscidenda

108 1949 181 2012 sunt
202 1945 254 2011 uel
278 1948 427 2031 paranda,
447 1967 502 2031 per
525 1948 663 2013 ordinem
688 1948 885 2012 dinumerata
907 1946 1024 2013 fuerint
1046 1954 1138 2030 atque
1161 1949 1227 2014 dis·

78 2068 205 2127 scursa,
231 2053 262 2115 et
284 2050 454 2116 secundum
477 2050 673 2135 euangelioae
694 2052 859 2132 parabolae
876 2049 1074 2135 disciplinam
1091 2071 1134 2131 ea,
1151 2070 1228 2135 quae

109 2153 147 2217 ad
180 2151 334 2235 spiritalis
363 2172 399 2219 ao
427 2153 667 2219 sublimissimae
701 2152 786 2218 illius
821 2154 1041 2219 extructionem
1072 2154 1229 2236 pertinent

109 2254 213 2339 turris,
251 2254 419 2339 subputata
454 2255 570 2322 fuerint
604 2274 639 2320 ao
671 2253 834 2339 diligenter
871 2257 943 2320 ante
966 2260 1118 2341 congesta.
1152 2270 1258 2340 quasa

107 2360 213 2423 brnen
236 2375 293 2423 uec
315 2359 487 2441 proderunt
508 2359 690 2443 praeparata
721 2377 778 2423 neo
806 2360 890 2424 recte
917 2361 1083 2443 superponi
1105 2362 1229 2427 sibimet

110 2463 230 2527 excelsa
252 2460 391 2527 culmina
412 2462 610 2544 perfectionis
632 2462 809 2540 admittent,
832 2463 893 2528 uisi
916 2466 1019 2547 egesto
1041 2463 1128 2545 prius
1143 2464 1228 2529 omni

77 2566 252 2650 arepurgio
282 2564 430 2631 uitiorum
460 2568 492 2632 et
520 2565 638 2633 effossis
668 2565 823 2633 succiduis
853 2568 1044 2650 mortuisque
1064 2566 1227 2632 ruderibus

108 2667 289 2748 passionum
317 2671 408 2734 uiuae
438 2673 473 2734 ut
501 2671 589 2735 aiunt
616 2687 653 2734 ac
680 2671 797 2736 solidae
826 2671 927 2736 terrae
955 2671 1087 2754 pectoris
1118 2671 1227 2747 nostri,

108 2771 203 2836 immo
231 2771 281 2836 illi
308 2772 504 2855 euangelicae
532 2772 639 2854 petrae
667 2774 843 2856 superiecta
871 2772 989 2839 fuerint
1017 2772 1229 2854 simplicitatis

108 2880 139 2938 et
172 2873 364 2939 humilitatis
401 2873 582 2940 firmissima
618 2877 832 2956 fundamenta,
870 2876 982 2958 quibus
1017 2875 1093 2942 baec
1130 2875 1226 2940 turris

108 2977 298 3060 spiritalium
334 2979 488 3044 uirtutum
522 2979 738 3046 molitionibus
773 2978 941 3045 extruenda
974 2982 1006 3043 et
1038 2977 1229 3045 inmobiliter

77 3079 211 3147 aualeat
243 3081 378 3146 stabiliri
406 3085 437 3146 et
470 3083 509 3148 ad
542 3101 665 3148 summa
697 3082 852 3148 caelorum
886 3081 1013 3168 fastigia
1047 3081 1230 3148 confidentia

109 3184 250 3264 propriae
272 3183 433 3251 firmitatis
448 3185 568 3254 adtolli.
599 3185 812 3251 fundamentis
828 3185 944 3250 etenim
960 3185 1075 3250 talibus
1091 3185 1258 3254 innitent

110 3287 183 3362 tem
200 3287 342 3368 quamuis
357 3290 535 3370 passionum
550 3289 664 3355 imbres
682 3288 852 3372 largissimi
868 3289 1104 3372 profundantur,
1121 3305 1229 3370 quam·

211 3473 243 3527 15
261 3471 297 3525 cf.
316 3471 379 3526 Luc.
400 3473 440 3537 14,
458 3473 493 3528 28
594 3473 629 3528 22
647 3473 681 3527 cl'.
699 3473 763 3528 Luc.
782 3473 807 3539 6,
825 3473 859 3528 48

160 3641 312 3696 talterum
329 3641 370 3696 D¹
469 3641 603 3711 tundit]
622 3643 750 3711 puritatis
768 3642 856 3697 tendit
878 3641 916 3698 W
1012 3645 1118 3697 statura
1135 3643 1164 3697 D

110 3729 230 3797 basique
250 3729 301 3783 ΥΡ
401 3728 632 3826 lipotuerurrt'D
660 3730 780 3798 poterint
797 3729 826 3783 P
926 3728 1033 3784 Tillius
1051 3729 1128 3798 plana
1147 3727 1232 3783 cordis

111 3831 199 3898 quiete
224 3832 333 3899 adquiri
362 3831 401 3888 W
509 3831 526 3885 9
552 3832 615 3886 baec
644 3834 671 3888 V
778 3835 950 3902 praestruunt
975 3832 1060 3886 animi
1085 3833 1232 3902 puritatem

113 3917 151 3971 W
250 3917 372 3987 poseant]
391 3933 457 3986 poss.
477 3919 605 3973 orationis
627 3921 666 3974 W
768 3919 801 3972 10
817 3917 989 3974 adseduetats
1006 3919 1036 3974 D
1131 3921 1234 3972 tratars

111 4001 140 4056 D
243 4002 275 4056 11
296 4002 393 4057 affectu
410 4004 441 4059 X
543 4003 599 4073 qui]
617 4019 643 4074 (p
660 4004 691 4060 D
795 4005 828 4060 13
850 4005 950 4060 instare
972 4004 998 4058 V
1098 4004 1130 4060 14
1147 4002 1233 4072 adque

115 4089 165 4144 ΥΡ
256 4091 289 4144 15
306 4089 448 4158 parabolae
464 4090 515 4145 VP
597 4090 626 4143 in
643 4105 675 4144 aa
690 4091 737 4145 W¹
832 4091 863 4146 16
881 4106 912 4144 ao
929 4105 979 4146 om.
1000 4089 1024 4146 0
1107 4091 1231 4144 exstruct

116 4175 181 4232 ΨΧ
266 4177 300 4230 18
312 4175 474 4244 prodeerunt
486 4176 509 4232 O
588 4174 624 4230 20
635 4175 723 4230 afforis
736 4175 771 4229 V¹
789 4175 880 4230 effusis
894 4175 957 4232 V‘P
1036 4175 1070 4229 22
1082 4175 1232 4243 superiacta

112 4259 140 4314 X
241 4262 277 4316 24
292 4259 451 4316 exstruenda
473 4261 540 4316 WX
641 4261 675 4317 25
693 4277 796 4331 summe
813 4262 842 4316 D
944 4261 978 4316 26
1000 4263 1109 4331 propias
1129 4262 1168 4318 W

111 4346 143 4400 2¹1
160 4345 265 4416 ymbres
281 4348 313 4403 D
341 4348 432 4402 intres
454 4347 477 4404 0
