3009 5200
469 419 631 477 Conlatio
654 419 704 488 xi,
722 418 833 476 13-14.
1148 419 1212 486 331

13 575 15 718 ζ
90 629 153 676 nou
180 609 311 677 dubium
337 615 394 691 est,
425 609 630 694 dixissetque:
659 610 697 674 ot
728 608 952 690 requiescet
984 625 1100 692 super
1131 625 1216 673 eum

89 711 258 796 spiritus
289 713 453 781 domiui:
488 713 662 797 spiritus
689 712 934 795 sapientiae,
962 715 1001 776 et
1029 711 1216 778 intellec·

88 815 171 896 tus,
216 816 387 900 spiritus
431 815 610 896 consilii,
648 820 686 881 et
722 814 999 893 fortitudinis,
1042 813 1216 896 spiritus

13 937 14 1014 l
88 918 307 999 scientiae,
336 920 375 985 et
401 919 586 1003 pietatis,
616 919 786 983 nouissime
810 917 900 984 uelut
927 916 1076 1000 quiddam
1097 918 1217 1000 praeci·

13 1015 14 1034 ³
68 1039 184 1104 spuum
207 1021 320 1086 intulit
342 1021 464 1086 dicens:
487 1021 525 1087 et
546 1021 722 1103 replebit
749 1038 833 1086 eum
856 1019 1030 1104 spiritus
1050 1021 1216 1086 timoris

88 1122 246 1190 domini.
283 1123 318 1190 iu
345 1143 406 1209 quo
433 1123 581 1206 primitus
613 1122 695 1189 illud
722 1126 771 1190 ost
802 1121 984 1208 diligentius
1016 1121 1245 1200 intuendum?

13 1247 14 1296 3
88 1227 167 1310 quod
202 1244 267 1292 nou
299 1227 412 1294 dixerit
441 1226 483 1293 ‘et
511 1227 685 1309 requiescet
713 1244 805 1311 super
835 1244 909 1292 eum
939 1226 1069 1309 spiritus
1091 1225 1216 1293 timoris

88 1328 229 1408 domini’,
252 1328 335 1396 sicut
350 1330 388 1396 do
403 1331 469 1396 illis
482 1329 639 1413 prioribus
655 1328 789 1407 dixerat,
814 1329 870 1396 sed
884 1329 1079 1411 replebit,
1101 1327 1215 1411 inquit,

88 1449 172 1498 eum
194 1431 369 1514 spiritus
392 1431 550 1499 timoris
571 1430 730 1498 domini.
770 1435 861 1498 tauta
883 1435 965 1500 euim
981 1430 1136 1498 ubertatis
1151 1432 1216 1496 eius

60 1536 136 1601 esst
167 1534 365 1621 magnitudo,
395 1539 441 1615 ut,
472 1555 564 1618 quom
587 1536 683 1602 semol
712 1553 770 1601 sua
794 1535 914 1602 uirtute
942 1534 1126 1621 possederit,
1155 1550 1217 1599 non

87 1639 223 1722 partem,
253 1637 307 1704 sed
337 1639 439 1705 totam
461 1639 526 1704 eius
556 1643 687 1720 occupet
709 1641 857 1704 mentem.
896 1656 953 1705 uec
974 1638 1132 1705 inmerito.
1167 1636 1219 1702 illi

88 1741 205 1806 etenim
221 1757 299 1823 quae
313 1758 522 1824 numquam
543 1742 700 1807 excidet
714 1741 879 1808 subserens
896 1741 1022 1807 caritati
1038 1758 1100 1805 nou
1115 1742 1218 1807 solum

88 1844 199 1928 replet,
230 1843 286 1908 sed
316 1844 413 1910 etiam
435 1847 584 1927 perpetua
606 1846 638 1909 et
659 1844 862 1928 inseparabili
887 1862 959 1910 eum
982 1861 1077 1927 quem
1098 1841 1218 1926 ceperit

87 1945 227 2028 possidet
256 1947 400 2030 iugitate,
430 1946 528 2012 nullis
558 1947 699 2012 laetitiae
729 1948 911 2029 temporalis
939 1945 993 2012 uel
1015 1946 1217 2028 uoluptatum

59 2047 349 2116 noblectatiouibus
377 2048 566 2115 inminutus:
596 2050 679 2134 quod
706 2065 944 2133 nonnumquam
971 2048 1020 2115 illi
1050 2046 1105 2130 qui
1133 2047 1217 2114 foras

88 2151 229 2216 mittitur
258 2150 367 2217 timori
393 2153 518 2219 euenire
545 2153 716 2220 consueuit.
752 2152 805 2220 bic
826 2155 876 2219 est
896 2151 995 2237 igitur
1017 2148 1247 2235 perfectiones

88 2254 191 2334 timor,
226 2273 288 2339 quo
318 2254 411 2321 homo
444 2255 499 2322 ille
532 2254 715 2336 dominicus,
750 2256 805 2341 qui
834 2275 895 2323 nou
929 2254 1031 2322 solum
1063 2253 1217 2320 redimere

88 2355 263 2422 bumauum
295 2375 402 2440 geum,
438 2359 493 2424 sed
529 2357 626 2424 otiam
662 2359 810 2442 praebere
845 2363 977 2424 uenerat
1012 2356 1216 2441 perfectiouis

89 2458 222 2526 sormam
257 2462 351 2545 atque
384 2461 526 2547 exempla
557 2463 725 2543 uirtutum,
758 2461 898 2546 repletus
929 2459 1027 2526 fuisso
1060 2461 1215 2525 narratur.

60 2561 179 2629 sillum
211 2562 298 2630 euim
326 2566 473 2633 seruilem
502 2565 730 2651 suppliciorum
759 2566 905 2632 timorem
930 2581 1024 2630 uerus
1046 2561 1096 2629 dei
1109 2561 1216 2644 lilius,

89 2666 154 2749 qui
176 2672 383 2750 peccatum
405 2687 479 2736 non
500 2669 616 2748 fecit,
644 2687 714 2735 noc
744 2664 859 2735 dolus
880 2666 1074 2733 inuentus
1096 2669 1157 2732 est
1177 2665 1218 2730 in

89 2786 150 2835 ore
172 2770 278 2852 eius,
301 2768 417 2837 habere
439 2789 500 2838 uon
520 2767 633 2854 potuit

126 2888 238 2956 XIHI.
276 2906 477 2957 onumen
514 2891 595 2969 Quia
631 2890 669 2955 do
705 2890 895 2973 perfeetione
937 2888 1080 2955 caritatis
1115 2906 1216 2954 sermo

87 2991 229 3077 digestus
251 2994 309 3072 est,
337 2995 484 3060 uolumus
514 2992 609 3059 etiam
632 2992 670 3057 do
691 2994 848 3059 castitatis
876 2992 939 3058 line
958 2991 1066 3076 eliqua
1085 2990 1216 3057 liberius

61 3094 254 3164 eooisciteri.
291 3112 353 3161 non
382 3097 465 3161 enim
493 3095 683 3179 ambigimus
712 3094 796 3161 illud
824 3096 1018 3178 praecelsum
1051 3093 1217 3180 fastigium

88 3198 241 3278 mutatis,
256 3216 312 3281 por
329 3217 433 3283 quam,
448 3200 531 3266 sicut
544 3198 607 3265 huo
621 3216 719 3283 usque
735 3199 904 3265 dissertum
919 3200 976 3282 est,
992 3198 1032 3264 ad
1045 3196 1217 3281 imaginem

89 3302 138 3367 dei
167 3301 473 3387 similitudinemque
502 3302 729 3386 conscenditur,
756 3302 826 3368 sine
848 3303 1006 3368 castitatis
1028 3300 1217 3385 perfectione

190 3504 404 3572 maritet
505 3506 641 3563 oasa
744 3504 993 3573 ralcer.1s‚8
1096 3502 1219 3559 15011

88 3590 246 3657 Ionem
347 3591 587 3661 amotam

138 3780 382 3850 1uxieeequen
478 3778 595 3835 ruerus
611 3782 637 3833 r
732 3780 883 3849 seposuit
899 3778 958 3832 no
1055 3762 1150 3851 ‚pio

88 3873 166 3929 8dei
185 3874 211 3927 0
296 3874 414 3944 repleuit
431 3875 460 3927 Σ
545 3874 640 3945 inquid
654 3876 692 3933 i‘r
714 3890 765 3930 om.
779 3874 815 3940 Π,
834 3874 1149 3944 commessator.

88 3959 177 4047 tspsr
201 3976 228 4029 0
329 3978 386 4033 eius
405 3981 448 4031 est
464 3976 647 4032 ubertatisO
749 3977 783 4031 12
804 3977 952 4047 quohereus
975 3977 1001 4030 0
1102 3978 1219 4033 caritate

89 4069 126 4123 n*
213 4072 248 4129 13
266 4072 382 4142 cooperit
398 4072 455 4125 ΠΥ
544 4072 577 4125 14
594 4072 685 4127 nullus
702 4073 731 4125 Σ
759 4072 861 4128 nullius
878 4075 903 4125 Y
991 4073 1024 4127 15
1041 4073 1107 4127 foris
1125 4072 1151 4126 0

90 4156 121 4211 11
138 4157 200 4227 quo]
217 4156 288 4227 quod
306 4158 331 4211 0
417 4158 450 4212 19
468 4156 554 4227 edquq
572 4155 597 4210 0
665 4157 717 4219 ,20
734 4158 859 4228 supplicii
878 4158 903 4211 Ο
988 4157 1024 4213 23
1040 4158 1111 4215 1111
1127 4163 1154 4213 Y

91 4244 213 4311 quoniam
224 4242 323 4295 HTO:
340 4242 377 4309 cf.
393 4242 538 4309 vnqao.
557 4242 724 4311 xvmqr
816 4243 989 4315 lddegestus
1001 4244 1041 4296 11¹
1128 4247 1219 4302 2501·

93 4344 207 4399 uerae
224 4346 252 4398 n
355 4330 450 4400 nnio
552 4345 586 4400 se
604 4346 740 4401 osseum
758 4346 797 4398 rr
