3009 5200
261 431 303 498 62
650 429 813 486 Iohannis
831 428 992 487 Oaaoiani

261 621 464 703 praegrauata
496 619 722 687 condormitare
754 619 950 702 conpellitur,
984 619 1030 686 ita
1061 636 1187 685 rursum
1219 616 1387 682 nimietate

263 721 439 789 uoraoitatis
465 739 613 804 oppressa
639 722 785 788 emittere
812 724 852 790 ad
879 725 972 789 doum
992 739 1098 804 preces
1120 737 1214 802 puras
1236 719 1385 803 leuesque

261 841 321 890 uon
354 823 479 906 poterit.
517 823 572 889 sed
603 842 661 890 noo
690 824 892 892 castimoniae
924 823 1051 907 quidem
1083 821 1180 906 ipsine
1212 822 1383 906 puritatem

260 925 436 1009 indisrupta
456 926 577 992 calebit
597 926 731 1008 iugitate
752 944 887 1002 seruare,
910 927 985 994 dum
1007 929 1037 992 ei
1058 928 1156 993 etiam
1176 925 1285 992 diebm
1308 924 1384 999 illis,

261 1029 371 1112 quibem
394 1045 519 1094 carnem
541 1028 658 1095 acriore
680 1029 806 1095 uidetur
828 1028 1022 1097 continentia
1036 1029 1198 1112 castigare,
1214 1026 1384 1111 praeterita
1411 1047 1431 1088 5

261 1130 322 1198 cibi
344 1132 476 1198 materia
497 1133 604 1218 ignem
627 1130 763 1198 omnalie
786 1132 1049 1217 concupiscentiae
1071 1130 1300 1198 subministrat.

302 1250 421 1317 XXIII.
438 1251 522 1318 Nam
537 1252 619 1335 quod
634 1252 730 1318 semel
745 1271 802 1336 per
814 1271 955 1320 mearum
965 1252 1192 1319 abundantiam
1202 1253 1384 1318 concretum

261 1354 356 1420 luerit
378 1354 412 1420 in
432 1355 590 1438 medullis,
612 1373 734 1422 necesse
756 1361 804 1422 eet
819 1357 903 1441 ogeri
918 1360 1013 1440 atque
1026 1356 1066 1422 ab
1081 1355 1150 1438 ipsa
1164 1355 1296 1422 naturae
1310 1356 1381 1439 lege

261 1457 402 1542 propelli,
431 1475 511 1540 quae
533 1455 768 1524 exuberantiam
790 1458 955 1526 cuiuslibet
981 1457 1098 1524 umoris
1120 1455 1268 1541 superflui
1291 1459 1383 1524 uolut

261 1560 382 1628 noriam
397 1560 566 1644 sitiatque
581 1563 768 1628 contrariam
782 1564 815 1628 in
829 1561 1008 1648 semetipsa
1021 1561 1156 1629 residere
1173 1578 1235 1628 non
1250 1560 1380 1646 patitur.
1395 1587 1429 1627 ιο

259 1664 387 1748 ideoque
409 1663 587 1730 rationabili
601 1683 721 1747 semper
745 1668 777 1730 ct
799 1663 922 1747 aequali
937 1668 984 1730 eet
999 1681 1109 1748 corpus
1124 1665 1266 1730 nostrum
1280 1665 1380 1746 parsi·

260 1771 363 1836 monia
385 1769 615 1854 castigandum,
638 1769 675 1835 ut
695 1769 723 1834 si
739 1769 876 1836 naturali
892 1770 950 1835 lmo
964 1769 1149 1836 necessitate
1163 1772 1381 1835 conmorantee

257 1874 291 1940 in
313 1893 405 1942 carne
426 1873 611 1942 omnimodis
634 1891 737 1940 carere
759 1893 820 1940 non
841 1891 1016 1958 possumus,
1038 1874 1146 1940 saltim
1157 1874 1262 1940 rarius
1278 1888 1332 1936 noe
1349 1875 1382 1935 et

257 1995 320 2044 non
343 1976 477 2061 amplius
499 1995 593 2061 quam
616 1976 700 2043 trina
722 1977 791 2043 uice
816 1977 878 2043 icta
900 1978 1083 2044 conluuione
1107 1994 1260 2062 reepcrsoe
1283 1974 1382 2041 totius

257 2081 330 2147 anni
359 2099 465 2147 oureus
493 2081 642 2147 inueniat.
680 2081 763 2164 quod
791 2083 897 2146 tamen
926 2083 992 2146 eino
1019 2080 1084 2148 ullo
1110 2078 1236 2163 pruritu
1257 2077 1382 2162 quietus
1395 2101 1425 2142 re

257 2185 365 2268 egerat
378 2200 476 2266 anper,
502 2201 565 2250 non
585 2182 681 2250 fallar
696 2183 802 2268 imago
815 2184 907 2250 indcr
921 2185 1061 2250 occultae
1077 2181 1249 2266 uoluptatis
1264 2180 1380 2247 eliciat.

227 2284 456 2369 aqmmobrem
489 2285 564 2352 llaec
596 2292 644 2352 eet
672 2289 847 2368 temperata
878 2303 973 2368 quam
1002 2286 1137 2352 diximus
1171 2283 1381 2350 continentiae

255 2387 428 2469 aequalitas
455 2387 550 2470 atque
574 2405 729 2464 mensura,
759 2405 839 2470 quae
866 2390 994 2470 patrum
1022 2405 1145 2471 quoque
1167 2386 1282 2452 iudicio
1305 2403 1381 2450 oon·

257 2490 415 2573 probatur,
439 2491 475 2556 ct
498 2489 689 2556 cotidianam
710 2490 800 2572 panis
820 2489 1021 2557 relectionem
1042 2490 1198 2558 cotidiana
1212 2491 1380 2556 comitetur

257 2591 382 2671 esuries,
415 2591 449 2659 in
483 2611 543 2659 ono
576 2594 742 2676 codemque
775 2595 862 2659 statu
894 2592 1032 2660 animam
1058 2594 1177 2678 pariter
1208 2612 1420 2678 corpusqueoo

258 2712 451 2780 comendans,
466 2713 524 2761 nec
537 2697 644 2761 ieiunii
659 2696 842 2779 fatigatione
856 2696 1014 2763 concidere
1029 2715 1084 2763 nec
1098 2696 1224 2783 macri
1240 2698 1377 2761 mentem

257 2800 421 2865 saturitate
453 2798 647 2881 permittens.
685 2801 777 2865 tanta
808 2817 943 2883 namque
976 2800 1157 2885 frugalitate
1189 2798 1307 2875 finitur,
1341 2802 1380 2863 ut

257 2900 415 2969 interdum
436 2919 469 2967 ee
490 2904 559 2985 post
581 2920 744 2986 uesperam
766 2921 822 2968 nec
836 2904 952 2969 sentiat
966 2907 1021 2969 aut
1036 2902 1213 2968 meminerit
1227 2900 1378 2968 releoieec.

299 3018 437 3087 XXIIII.
468 3021 510 3087 dt
538 3021 571 3087 in
598 3024 723 3087 tantum
754 3023 813 3089 hoc
840 3040 901 3089 non
928 3025 994 3089 eine
1021 3022 1126 3089 labore
1147 3021 1317 3104 perficitur,
1341 3026 1378 3085 ut

257 3124 371 3190 malint
391 3122 425 3189 hi
447 3124 500 3206 qui
528 3123 748 3207 perlectionem
778 3124 973 3191 discretionis
992 3125 1138 3211 ignorant
1161 3126 1259 3191 etiam
1280 3121 1419 3190 biduoee

256 3226 410 3311 protelare
425 3227 541 3294 ieiunia
551 3228 644 3311 idque
657 3228 739 3311 qnod
755 3228 847 3295 hodie
859 3230 1015 3313 sumpturi
1025 3230 1149 3294 loemnt
1158 3229 1194 3293 in
1204 3226 1375 3293 crastinum

257 3348 424 3409 reseruata,
458 3331 625 3398 dummodo
658 3332 697 3399 ad
729 3330 929 3399 refectionem
960 3332 1173 3415 perueniantee
1203 3329 1379 3397 desiderata

308 3620 325 3674 2
351 3619 458 3674 emitote
484 3619 514 3675 D
616 3620 633 3675 3
659 3636 692 3674 ne
718 3620 748 3674 D
849 3620 867 3674 4
893 3619 967 3690 dum]
994 3619 1039 3673 dm
1064 3617 1105 3674 D¹
1206 3618 1224 3672 ὅ
1250 3616 1379 3671 acriorem

262 3705 308 3761 W·
409 3705 426 3759 6
450 3703 510 3774 cybi
533 3704 563 3759 D
666 3704 681 3759 7
704 3704 822 3761 habund.
839 3704 870 3760 D
970 3705 988 3760 8
1005 3705 1091 3774 adque
1106 3704 1148 3759 D¹
1249 3702 1267 3756 9
1284 3700 1380 3757 exuto

257 3794 345 3846 rantia
367 3791 397 3846 D
415 3806 485 3847 corr.
588 3791 708 3847 humoris
728 3792 751 3846 0
854 3791 887 3846 10
904 3790 989 3860 adque
1006 3790 1079 3848 DW
1177 3789 1263 3857 ipsam
1280 3788 1311 3842 D

257 3876 374 3933 resedere
394 3874 442 3933 W¹
547 3877 579 3932 12
602 3878 768 3933 comorantoe
789 3876 821 3931 D
923 3877 957 3931 13
979 3876 1073 3931 saltem
1095 3874 1160 3932 ΟΧῚ
1248 3876 1297 3930 ’14
1318 3892 1380 3932 coc·

257 3964 359 4019 ludicre
370 3962 411 4018 1)ι
496 3968 540 4018 sta
551 3962 748 4019 coulubioneO
837 3963 870 4017 15
879 3962 958 4032 pritu
969 3961 1011 4016 D¹
1097 3963 1130 4016 16
1141 3958 1312 4016 elicoatDW

258 4066 289 4121 17
308 4054 454 4121 obtinentia
471 4065 700 4137 aqualitaequcO
728 4065 896 4121 continentia
913 4068 941 4120 et
957 4064 1075 4134 qualitas
1092 4064 1148 4120 Wc
1243 4064 1275 4119 18
1292 4063 1380 4133 adque

260 4152 298 4209 W
401 4153 432 4207 19
449 4152 623 4207 cottidianam
641 4151 701 4206 DX
740 4150 889 4237 cottidiana
905 4150 935 4205 D
963 4150 1057 4206 cottid.
1074 4150 1105 4205 X
1206 4148 1241 4203 20
1263 4150 1291 4203 in
1309 4164 1379 4204 erce.

255 4254 333 4311 iosD
428 4255 613 4309 23intcrdrlr
629 4255 670 4310 D¹
766 4254 880 4309 reficiaoa
896 4254 936 4309 D¹
1033 4252 1242 4309 domallentD
1336 4252 1379 4307 nii

261 4340 284 4396 0
386 4341 468 4395 otiam
487 4340 660 4412 ignorautO
763 4340 796 4395 26
814 4340 929 4395 sumturi
946 4339 977 4395 D
