3009 5200
509 438 670 495 Conlatio
692 440 757 505 VII,
775 441 818 497 21.
1165 442 1226 509 199

95 646 208 710 quarn
243 629 424 714 ignorat:
458 635 495 696 et
527 632 658 714 captio
691 649 804 712 quam
840 629 1055 697 abscondit
1092 633 1226 712 adpre-

94 731 248 797 hendat
269 751 370 799 eum:
393 736 431 799 et
452 735 491 799 in
513 736 654 817 laqueo
676 735 791 799 cadat
812 734 851 799 in
874 734 977 817 ipso,
999 733 1225 814 scilicetqnem

92 854 188 917 super
218 835 384 901 hominnm
413 837 592 919 deceptione
620 836 757 903 molitur.
795 839 900 904 dolent
929 837 1027 919 igitur
1049 835 1146 901 etiam
1167 836 1227 918 ipsi

92 956 155 1003 non
178 938 299 1019 minus,
322 943 354 1004 ot
369 940 629 1021 quemadmodum
648 958 703 1005 nos
718 941 851 1017 elidunt,
867 941 930 1022 ipei
946 958 1067 1023 quoquo
1081 938 1227 1004 similiter

71 1041 260 1107 solidantur
293 1060 351 1106 neo
383 1042 460 1107 uicti
492 1044 558 1107 sine
591 1042 769 1109 confusione
797 1044 970 1111 discedunt.
1008 1062 1084 1126 quas
1119 1040 1257 1107 eorumd

91 1145 204 1209 ruinas
230 1148 326 1227 atque
348 1143 508 1211 condictus
530 1146 594 1227 ille,
617 1147 671 1228 qui
692 1164 783 1213 sanos
799 1146 956 1212 interioris
971 1145 1107 1211 bominis
1121 1144 1227 1209 oculos

90 1247 295 1329 possidebat,
318 1247 431 1313 cotidie
454 1266 581 1313 oornana
610 1248 782 1333 uidonsqne
803 1267 856 1315 eoa
877 1248 1105 1332 supergaudere
1127 1248 1227 1311 ruinis

89 1356 123 1415 ot
148 1349 280 1416 casibus
302 1350 497 1435 singulorum
519 1370 554 1417 ec
577 1352 693 1418 timens
715 1371 754 1417 ne
777 1356 815 1418 de
838 1372 872 1417 se
890 1370 1011 1436 quoquo
1026 1350 1169 1416 auanirst
1182 1348 1227 1413 eia

89 1454 157 1517 ista
204 1453 342 1531 laetitia,
387 1455 547 1520 dominum
591 1457 773 1538 deprecatur
816 1456 1032 1533 inlumina,
1074 1453 1227 1537 inquiens,

58 1556 239 1622 coculos
274 1574 377 1621 moos
411 1576 454 1621 na
487 1574 666 1639 umquam
705 1556 945 1623 obdormiam
978 1556 1015 1622 in
1049 1560 1228 1621 mortem:

89 1679 135 1723 ne
161 1662 322 1741 quando
346 1658 1229 1744 dicetinimicnsmauszpraaualuiadnersns

88 1781 191 1827 enm.
235 1763 303 1844 qui
325 1760 520 1827 tribulant
541 1781 614 1839 me,
639 1763 879 1829 exultabunt
900 1764 933 1827 ei
956 1765 1084 1827 motus
1107 1761 1228 1827 fuero.

88 1872 139 1933 et:
171 1865 277 1930 dans
307 1883 425 1949 meus,
455 1885 500 1929 ne
528 1869 848 1949 supergaudeant
876 1867 984 1932 mihi.
1023 1884 1068 1931 na
1091 1863 1231 1929 dicant

88 1969 127 2033 in
176 1968 375 2034 cordibus
419 1969 516 2033 suis:
560 1986 671 2053 euge,
709 1988 821 2051 auge,
864 1970 1017 2035 animae
1053 1972 1230 2034 nostrae:

57 2090 226 2154 reusque
264 2071 417 2135 dicant:
455 2071 734 2137 deuorauimus
771 2090 865 2136 eum.
911 2074 958 2137 et:
996 2072 1234 2137 fraudarunt

87 2194 221 2255 super
245 2192 303 2237 mo
325 2173 510 2239 dantibus
533 2173 627 2239 suis.
665 2176 818 2241 domina
840 2175 994 2257 quando
1017 2174 1231 2256 respicies?

87 2276 329 2341 insidiatur
360 2276 444 2341 enim
474 2278 512 2341 in
541 2278 700 2343 occulto
731 2277 837 2342 sieut
858 2278 919 2343 leo
941 2277 980 2343 in
1003 2276 1128 2341 cubili
1151 2292 1230 2339 sno.

86 2380 332 2444 insidiatur
360 2384 402 2443 ut
431 2380 564 2461 rapiat
591 2398 810 2464 pauperem.
848 2384 894 2445 et:
924 2381 1085 2463 quaerit
1115 2400 1134 2444 a
1162 2379 1231 2443 deo

87 2500 233 2547 escam
268 2481 356 2546 sibi.
395 2482 448 2564 qui
481 2502 606 2549 rursum
640 2483 761 2549 cunctis
794 2484 957 2549 conatibus
990 2482 1131 2565 expensis
1159 2483 1262 2545 cumb

55 2586 322 2668 ndacsptionem
350 2586 489 2650 nostram
516 2603 578 2652 non
610 2586 770 2670 potuerint
799 2586 950 2669 obtinere,
984 2605 1075 2669 super
1110 2587 1231 2651 cassato

86 2689 206 2754 laboro
229 2706 289 2752 suo
310 2706 435 2754 necessa
456 2691 504 2754 eet
526 2692 563 2754 ut
595 2689 894 2755 confundantur
921 2694 958 2755 at
980 2688 1232 2770 erubescant,

85 2793 155 2875 qui
200 2795 405 2875 quaerunt
443 2792 593 2858 enimes
637 2795 811 2876 nostras,
849 2796 892 2857 ut
928 2792 1117 2859 auferant
1153 2808 1232 2871 eas,

85 2895 329 2960 induantur
350 2896 803 2978 pudoroetconiuaione
825 2895 890 2978 qui
912 2897 1094 2979 cogitent
1115 2892 1234 2958 nobis

84 2997 214 3063 mala.
253 2996 429 3064 Hieremias
459 3015 579 3082 quoquo
609 2999 918 3074 confundantur,
946 2999 1058 3081 iuquit,
1087 2997 1171 3080 illi,
1197 2996 1235 3060 et

53 3119 166 3166 enon
208 3099 429 3165 confundar
461 3115 544 3184 ago:
578 3105 751 3184 pausant
784 3101 866 3179 illi,
899 3105 936 3166 et
968 3118 1040 3166 non
1069 3118 1235 3183 pausem

203 3353 295 3406 aaa.
314 3353 355 3418 12,
372 3353 442 3409 4-5
544 3355 577 3409 13
599 3353 643 3409 Pa.
662 3355 704 3420 34,
723 3355 826 3412 24-25
929 3357 963 3410 15
986 3357 1044 3410 bc.
1065 3353 1165 3408 16-11

84 3440 120 3494 17
141 3439 197 3493 Pe.
218 3439 349 3505 9(10),9
448 3440 481 3494 18
498 3440 542 3495 Pa.
562 3440 619 3506 103,
637 3440 669 3496 21
775 3442 807 3496 21
828 3441 871 3497 Pa.
888 3441 931 3508 39,
951 3443 984 3497 15
1080 3440 1114 3494 23
1130 3440 1175 3493 Pe.
1193 3439 1235 3505 34,

82 3527 130 3581 26.
152 3527 205 3587 39,
226 3526 264 3580 15
366 3525 597 3591 muneremur,
618 3528 650 3581 18

142 3767 161 3818 1
185 3761 335 3816 abscondit
350 3760 557 3818 VD²WOPX=
587 3766 789 3818 occultaberunt
807 3763 954 3838 (ἔκρυψαν)
972 3764 1013 3819 111
1099 3766 1115 3818 2
1134 3761 1236 3816 incidat

82 3851 116 3904 D
223 3851 256 3902 iu
275 3847 303 3901 id
322 3848 379 3916 ipso
395 3849 431 3904 W
517 3849 638 3918 dadque
660 3848 740 3904 VOP
823 3865 903 3903 sanus
926 3849 952 3903 V
1035 3847 1170 3904 oculusV

81 3933 302 4006 dpoeaadabat
320 3933 362 3988 D¹
449 3935 561 3990 cottidie
572 3934 675 3991 DWX
761 3936 795 3990 10
811 3936 989 3990 oculnsmoua
1010 3936 1036 3988 V
1119 3950 1235 4003 uuquam

83 4024 108 4080 0
232 4021 265 4074 in
282 4023 395 4076 mortem
414 4025 465 4086 (εἰς
482 4018 616 4086 θάνατον)
634 4021 743 4076 1117οε
773 4022 803 4076 in
821 4026 905 4076 morto
927 4022 1028 4079 VPXo
1046 4027 1072 4076 et
1091 4021 1167 4090 Votp.
1240 4007 1247 4025 ’

81 4109 118 4163 13
140 4123 184 4162 na
206 4111 287 4175 (pom
305 4105 381 4174 mihi)
405 4106 470 4161 VX:
497 4123 545 4162 uae
561 4106 687 4162 DWOP
769 4108 803 4160 lb
819 4122 903 4176 neque
921 4106 999 4164 VW:
1025 4124 1072 4161 neo
1089 4106 1197 4161 DOPX
1211 4112 1237 4160 et

84 4196 181 4266 Vudq.
270 4191 457 4246 decorabimua
473 4192 527 4249 ΟΧ
605 4191 766 4247 fraudarunt
780 4191 818 4248 V:
843 4192 1020 4248 fronduerunt
1031 4193 1089 4247 rell.
1101 4211 1118 4248 o
1129 4200 1156 4247 ct
1171 4191 1237 4246 Vul-

77 4287 158 4352 paw
251 4278 284 4331 17
297 4277 410 4347 qnaaiO
487 4279 520 4331 19
531 4277 652 4347 quumO
721 4277 970 4347 200ptiuerthV
1039 4280 1073 4332 21
1085 4279 1237 4333 erubiecaut

87 4367 116 4422 V
236 4364 274 4418 23
300 4363 455 4420 confusione
476 4366 504 4418 et
529 4361 628 4432 pudore
653 4363 764 4420 DPXo
865 4363 900 4417 24
925 4364 1019 4434 inquid
1049 4365 1171 4421 VDWP
