3009 5200
496 445 657 501 Conlatio
678 445 797 513 XXIIII,
813 448 889 503 8-9.
1191 448 1255 517 683

173 633 281 703 VIIII.
305 636 350 702 vt
378 655 451 702 uero
480 637 520 703 ad
548 642 668 703 eertum
698 636 901 703 districtionis
927 655 1057 704 examen
1080 640 1254 708 uestrarum

129 738 246 805 uirium
285 739 493 822 quantitatem
534 740 640 806 metiri
684 757 819 823 oongrua
861 739 1081 807 aestimatione
1116 745 1254 826 possitis,

128 843 294 909 cuiusdam
324 845 412 912 uobis
441 846 533 924 senis,
563 845 597 909 id
627 847 674 910 est
694 845 818 910 abbatis
838 843 951 926 Apollo
972 843 1095 910 faotum
1117 847 1255 913 breuiter

128 947 280 1030 indioabo,
304 950 348 1028 ut,
372 949 399 1014 si
422 967 476 1014 uos
494 948 642 1014 intimum
658 947 757 1012 uestri
772 947 872 1013 oordis
888 965 1016 1012 examen
1033 949 1126 1014 huius
1141 966 1254 1031 propo·

106 1048 190 1119 esito
212 1051 305 1132 atque
327 1051 440 1116 uirtuti
454 1051 538 1116 haud
553 1052 714 1116 inferiores
730 1069 798 1116 esse
813 1052 977 1129 censuerit,
1003 1051 1120 1132 absque
1135 1051 1254 1117 iaetura

128 1154 278 1235 propositi
300 1155 399 1219 uestri
420 1153 681 1238 professionisque
705 1153 843 1236 periculo
857 1154 979 1237 patriae
994 1155 1254 1220 inhabitationem

128 1273 166 1320 ao
195 1258 362 1339 parentum
390 1257 541 1322 uiciniam
572 1258 788 1339 praesumatis,
821 1259 898 1322 oerti
921 1258 1003 1339 quod
1025 1259 1253 1323 distriotionem

127 1359 319 1424 humilitatis
351 1359 452 1438 huius,
484 1377 577 1442 quam
607 1360 696 1425 uobis
726 1363 758 1425 in
788 1361 846 1425 bao
871 1361 1033 1443 prouinoia
1062 1379 1124 1426 non
1150 1362 1254 1425 solum

128 1465 283 1541 uoluntas,
328 1465 383 1528 sed
424 1465 518 1529 etiam
563 1465 733 1528 necessitas
778 1464 1039 1547 peregrinationis
1082 1464 1252 1545 extorquet,

93 1601 118 1639 ro
128 1567 372 1650 propinquitatis
409 1567 548 1632 adiectus
586 1573 640 1633 sut
677 1569 816 1633 looorum
856 1567 1022 1633 oblectatio
1059 1586 1120 1632 non
1155 1568 1254 1651 possit

119 1671 282 1763 euincere.
334 1670 373 1736 ad
410 1671 490 1736 huno
527 1673 627 1755 igitur
663 1690 756 1754 quem
792 1673 1002 1754 praediximus
1039 1691 1144 1738 sanem
1181 1676 1284 1742 oum2

127 1765 294 1854 germanus
327 1789 402 1838 suus
436 1774 626 1856 intempesta
662 1779 752 1840 noete
786 1776 932 1858 uenisset,
965 1775 1124 1858 inplorans
1151 1776 1187 1838 ut
1216 1772 1254 1838 de

128 1878 317 1944 monasterio
340 1896 394 1944 suo
416 1879 573 1960 paulisper
595 1895 737 1962 egressus
753 1877 792 1943 ad
807 1878 1005 1943 euellendum
1020 1879 1141 1955 bouem,
1161 1895 1252 1959 quom

126 1999 221 2046 oaeno
244 1981 377 2063 palustri
400 1981 522 2046 eminus
545 1981 705 2046 inhaerere
728 1980 875 2047 flebiliter
897 1984 1094 2063 querebatur,
1118 1980 1147 2045 ei
1170 1981 1253 2046 esset

93 2085 252 2167 maurilio,
275 2084 349 2167 quia
369 2102 442 2149 eum
458 2084 542 2150 solus
558 2101 755 2166 nequaquam
776 2086 880 2166 posset
895 2103 1010 2166 eruere,
1025 2083 1123 2150 abbas
1137 2082 1252 2165 Apollo

126 2187 327 2271 pertinaoiter
357 2188 546 2254 obsecranti:
577 2206 641 2263 our,
672 2189 727 2268 ait,
761 2188 915 2254 iuniorem
943 2187 1074 2252 fratrem
1102 2188 1252 2268 nostrum,

126 2309 221 2372 quem
241 2289 431 2372 praeteriens
454 2292 626 2374 propiorem
649 2309 742 2372 quam
766 2310 816 2356 ms
839 2291 1001 2371 habueras,
1026 2309 1088 2354 non
1110 2287 1251 2373 rogasti?

126 2411 260 2476 eumque
287 2392 342 2458 illa
371 2411 443 2458 eum
472 2396 606 2458 mortem
634 2394 711 2460 olim
741 2395 855 2477 sepulti
876 2395 983 2460 fratris
1006 2394 1140 2458 oblitum
1160 2394 1194 2457 et
1216 2410 1251 2456 er

126 2499 226 2562 nimia
248 2497 459 2562 rontinentiae
482 2515 519 2562 ao
534 2498 712 2564 solitudinis
728 2498 862 2581 iugitate
878 2497 966 2564 uelut
981 2500 1120 2580 inpotem
1135 2495 1250 2561 mentis

92 2600 312 2671 nexistimans
336 2601 559 2684 respondisset:
585 2602 848 2683 quemadmodum
869 2602 1009 2685 poteram
1032 2601 1070 2666 de
1085 2597 1250 2682 sepulobro

127 2724 200 2769 eum
222 2705 276 2787 qui
298 2705 371 2771 ante
393 2722 489 2771 annos
512 2705 691 2787 quindeoim
714 2705 793 2771 obiit
815 2705 986 2771 inuocare?
1007 2706 1102 2770 abbas
1117 2701 1279 2784 Apollo:3

126 2808 253 2890 ignoras
275 2824 356 2890 orgo,
379 2808 435 2890 ait,
458 2826 507 2873 me
537 2827 657 2890 quoque
683 2810 758 2875 ente
780 2828 875 2875 annos
903 2809 1018 2889 uiginti
1039 2807 1114 2872 huio
1135 2803 1249 2870 mundo

126 2929 191 2976 sese
215 2910 395 2976 deiunotum
420 2912 566 2993 nullaque
587 2912 650 2977 iam
682 2931 771 2995 posse
793 2916 831 2979 de
853 2912 947 2978 huius
969 2911 1067 2977 oollae
1088 2908 1250 2992 sepulobro

126 3032 207 3097 quae
244 3014 283 3081 ad
318 3016 490 3096 praesentis
527 3018 613 3081 uitae
649 3017 827 3099 pertineant
864 3018 982 3081 statum
1015 3014 1077 3081 tibi
1110 3012 1249 3078 oonlerre

91 3118 268 3189 resolaoia?
291 3136 383 3200 quem
405 3118 436 3183 in
453 3121 577 3184 tantum
601 3118 743 3185 Christus
759 3121 798 3185 ab
814 3121 988 3185 intentione
1003 3112 1249 3184 mortificationis

126 3221 272 3303 adreptus
309 3222 360 3285 uel
398 3223 552 3289 modicum
587 3225 625 3287 ad
659 3224 882 3289 extrahendum
920 3224 1031 3289 bouem
1064 3225 1156 3286 tuum
1188 3236 1248 3283 non

127 3323 248 3406 patitur
276 3324 418 3401 relaxari,
448 3329 483 3390 ut
511 3346 548 3391 ne
579 3326 756 3393 breuissimi
784 3326 910 3409 quidem
940 3325 1091 3392 momenti
1114 3321 1250 3389 indutias

179 3684 275 3737 luero
294 3685 337 3754 ad]
356 3701 448 3739 uerum
467 3689 495 3740 et
512 3685 570 3740 BF
661 3687 845 3743 destrictionis
862 3686 969 3741 B¹F¹0
1062 3680 1249 3752 2quantitate

126 3768 185 3822 BF
282 3771 432 3839 3appollo
459 3772 486 3825 Β
588 3772 717 3842 badque
744 3773 785 3827 Βι
886 3774 935 3825 aut
961 3770 1016 3826 FO
1044 3770 1112 3823 baut
1138 3767 1180 3820 K¹

125 3855 297 3923 dproposlti
319 3856 361 3910 Ba
390 3856 524 3925 proseatns
547 3859 608 3913 roll
710 3858 952 3912 idestriotionem
970 3854 1065 3911 B¹F0
1167 3852 1249 3907 θοι·

124 3941 231 4009 torquit
257 3942 298 3995 K¹
411 3944 444 3997 14
470 3958 549 3997 coeno
575 3944 602 3997 B
716 3945 748 3999 15
773 3944 859 4012 possit
885 3942 918 3997 Κ
1023 3939 1129 4011 appollo
1154 3938 1186 3993 F

126 4046 159 4100 16
182 4060 251 4114 quur
272 4044 357 4100 BFO
457 4034 510 4100 ium
528 4048 557 4116 (i.
576 4063 598 4101 e.
615 4046 743 4114 fratrum)
761 4046 836 4102 3¹0¹
940 4045 974 4099 18
994 4044 1041 4098 ille
1059 4058 1109 4097 om.
1126 4040 1185 4096 BF

127 4132 159 4186 19
182 4131 281 4185 nimiae
304 4130 386 4186 BFO
489 4132 532 4185 uel
557 4132 579 4188 0
682 4134 775 4203 inpotq
798 4134 825 4187 Β
927 4132 963 4185 20
985 4132 1104 4199 sepuloro
1129 4126 1185 4184 OK

124 4218 156 4274 21
181 4217 286 4286 appollo
309 4216 336 4269 Β
439 4218 473 4271 22
496 4221 558 4273 aute
579 4236 629 4273 um.
653 4220 681 4274 Β
784 4219 819 4273 23
835 4221 902 4288 esre]
921 4218 1003 4272 luisse
1020 4216 1052 4270 K
1056 4233 1073 4271 o
1175 4226 1249 4281 posse

125 4302 168 4371 del
193 4302 324 4373 possidere
348 4302 389 4356 K¹
492 4304 612 4373 sepulcro
632 4304 687 4359 OK
785 4305 820 4359 26
837 4306 964 4374 abreptae
980 4301 1050 4358 ΒΨ
1076 4302 1195 4369 arreptae
1212 4294 1250 4350 B¹

129 4386 186 4442 ΘΚ
286 4388 318 4441 27
337 4388 492 4457 iuduoiaspi
