3009 5200
291 415 357 481 460
679 414 847 471 lobannis
869 414 1029 473 ceretani

290 604 534 670 amaritudinem
564 604 775 686 praesentium
807 623 869 669 non
898 604 1015 670 sentiet
1043 604 1219 689 iurgiorum
1248 608 1282 669 et
1308 606 1354 669 ite
1382 626 1418 671 ee

291 706 491 789 potissimum
514 709 721 791 respondebit,
742 727 761 771 e
782 707 898 790 quibus
926 706 978 773 uel
1000 724 1021 771 a
1041 714 1143 773 semet
1167 708 1234 791 ipso
1256 726 1329 773 rens
1350 708 1417 772 fieri

293 812 344 876 uel
374 814 414 875 ab
442 812 504 876 elio
534 812 716 895 reprehendi
742 811 893 876 restituta
926 810 1058 877 cantate
1086 827 1148 875 non
1177 812 1286 893 possit,
1314 812 1417 893 sicque

292 914 439 996 implebit
451 915 671 997 propheticum
684 914 766 979 illud
780 913 954 996 eloquium:
977 913 1018 978 in
1040 913 1098 977 ire
1121 914 1417 978 misericordiae

291 1035 434 1081 memor
459 1020 551 1083 eris.
1438 1040 1450 1080 s

334 1119 465 1183 XXVII.
489 1118 643 1184 cohibere
665 1136 738 1203 ergo
760 1137 815 1183 nos
837 1118 960 1201 oportet
988 1136 1095 1183 omnes
1117 1118 1293 1185 nwundiee
1314 1122 1417 1184 motus

293 1226 327 1288 et
347 1222 567 1306 gubernatrice
588 1224 776 1287 discretione
798 1222 964 1298 moderari,
988 1241 1027 1285 ne
1050 1224 1083 1286 in
1104 1222 1185 1286 illud
1200 1224 1282 1305 quod
1296 1242 1315 1287 e
1329 1224 1418 1289 Sale-

292 1344 384 1391 moue
417 1328 583 1391 dannatur
614 1324 782 1408 praecipiti
819 1325 923 1389 furore
955 1330 1130 1407 raptemur:
1164 1330 1288 1392 totam
1322 1328 1418 1392 iram

292 1448 397 1495 suem
419 1431 574 1513 profert
593 1430 746 1512 inpius,
778 1428 938 1511 sapiens
961 1434 1093 1493 eutem
1122 1428 1332 1511 dispenset
1354 1450 1419 1512 per

292 1538 440 1615 partes,
462 1536 493 1599 id
516 1538 578 1598 ost:
602 1533 719 1598 stultns
750 1532 879 1614 quidem
903 1531 942 1595 ed
964 1532 1115 1596 ultionem
1138 1532 1187 1596 sni
1210 1534 1274 1598 irae
1295 1536 1450 1617 pertur-re

293 1640 418 1703 batione
446 1638 655 1714 succenditur,
684 1637 806 1719 sepiens
834 1640 941 1701 autem
969 1636 1123 1718 paulatim
1146 1656 1214 1699 eum
1237 1637 1419 1701 maturitate

263 1741 419 1808 amnsilii
441 1759 478 1804 ec
501 1740 724 1805 moderationis
745 1743 892 1804 extenuet
914 1742 947 1804 et
969 1742 1107 1823 expellit
1147 1744 1210 1808 tale
1232 1744 1325 1807 estet
1340 1740 1419 1805 illud

294 1844 817 1927 quodebepoetolodiciturznon
841 1844 1123 1927 nosmetipsos
1145 1846 1418 1923 uindicantes,

293 1947 508 2025 carissimi,
537 1946 601 2011 sed
629 1946 719 2011 date
745 1946 874 2010 lecum
897 1946 997 2025 iree,
1021 1948 1053 2011 id
1075 1954 1137 2013 est:
1161 1966 1358 2031 nequaquam
1380 1945 1418 2009 ad

293 2050 467 2115 uindictam
496 2048 661 2114 iracundia
691 2052 821 2133 cogente
853 2052 999 2125 tendatis,
1029 2052 1083 2115 sed
1111 2052 1183 2115 date
1212 2051 1314 2114 locum
1346 2047 1452 2125 iream

292 2154 350 2219 boc
378 2158 442 2217 est:
473 2172 535 2217 non
563 2154 629 2216 sint
657 2154 750 2217 corda
772 2156 877 2217 uestra
899 2154 943 2218 sic
966 2154 1172 2235 inpatientiae
1193 2172 1229 2217 ec
1252 2152 1420 2234 pusillani-

292 2258 417 2322 mitatis
438 2255 595 2338 angustiis
610 2256 760 2333 comte,
775 2258 812 2319 nt
827 2254 999 2322 uiolentam
1017 2256 1222 2322 conmotionis
1238 2255 1418 2339 procellam,

292 2378 366 2424 cum
386 2360 529 2437 inruerit,
550 2359 705 2423 sustinere
726 2378 788 2423 non
811 2360 945 2442 possint,
962 2364 1015 2425 sed
1031 2360 1206 2425 dilatamini
1223 2360 1256 2423 in
1271 2358 1418 2423 cordibus

292 2465 416 2540 nestris,
444 2461 652 2543 suscipientes
680 2461 827 2526 aduersos
855 2461 1036 2527 iracundiae
1066 2463 1180 2528 ductus
1210 2464 1244 2527 in
1273 2463 1339 2527 illis
1366 2481 1419 2527 ex-

294 2566 391 2631 tentis
405 2564 525 2630 sinibus
541 2564 692 2644 caritatis,
714 2584 793 2648 quae
816 2564 945 2632 omnia
966 2566 1129 2646 suffert,
1152 2566 1281 2634 omnia
1301 2564 1453 2631 susti-so

293 2673 375 2735 net:
392 2675 423 2734 et
437 2671 485 2733 ita
495 2687 583 2734 mens
597 2671 704 2733 nestra
715 2669 924 2750 amplitudine
940 2670 1190 2752 longanimitatis
1201 2689 1239 2735 ec
1250 2669 1419 2752 patientiae

293 2771 425 2837 dilatate
446 2770 562 2836 babeat
582 2772 617 2836 in
638 2791 671 2835 se
694 2771 894 2836 consiliorum
918 2773 1070 2837 salutares
1092 2791 1243 2848 recessus,
1258 2775 1289 2836 in
1305 2771 1419 2855 quibus

293 2875 436 2956 receptus
465 2873 693 2957 quodammodo
723 2876 818 2955 atque
848 2873 981 2940 diffusus
1011 2877 1211 2940 taeterrimus
1240 2875 1419 2940 iracundiae

263 2977 399 3042 3fnmns
426 2977 570 3060 protinus
598 2983 776 3043 euanescet
814 2980 867 3043 nel
896 2983 980 3044 certe
1009 2979 1055 3044 ita
1085 2979 1330 3063 intellegendum
1355 2986 1419 3043 est:

294 3079 404 3144 damus
424 3081 530 3144 loonm
551 3081 626 3159 irae,
649 3082 795 3162 quotiens
822 3083 1012 3148 conmotioni
1035 3081 1167 3148 alterius
1190 3083 1301 3148 humili
1323 3087 1453 3164 etquesa

292 3182 464 3264 tranquille
496 3184 602 3248 mente
634 3181 870 3250 subcumbimus
901 3187 933 3249 et
962 3185 1192 3268 quodammodo
1224 3186 1332 3270 dignos
1365 3204 1420 3249 nes

293 3285 436 3367 quelibet
457 3284 573 3351 iniuria
594 3285 775 3367 profitentes
798 3289 1002 3371 inpatientiae
1024 3287 1191 3354 saeuientis
1207 3289 1418 3370 obsequimur.

293 3391 434 3453 ceterum
454 3387 489 3452 bi
511 3389 566 3470 qui
586 3391 632 3452 ite
652 3381 777 3456 sensnm
808 3391 1000 3472 apostolicae
1029 3389 1227 3473 perfeetionis
1254 3387 1419 3466 inclinant,

292 3571 667 3715 mlctffi}³7’2ffl)
740 3573 1059 3644 asennaeum)
1129 3575 1351 3640 maculans

414 3663 497 3728 r.l,

343 3831 460 3886 2eoae
478 3832 533 3884 ΤΟ
622 3833 793 3901 teonplebit
811 3833 837 3886 Ο
926 3834 1041 3902 pretii
1134 3835 1150 3887 t
1168 3835 1196 3888 in
1214 3851 1264 3890 oss
1281 3835 1352 3887 ΠΨ

292 3916 319 3986 a]
336 3915 366 3970 in
381 3919 409 3970 1¹
491 3917 627 3970 wenc
644 3919 737 3973 ΣΠΟ
822 3919 1069 3988 8dam1>naturll¹
1153 3921 1171 3975 9
1189 3921 1307 3990 proteret
1323 3920 1350 3973 0

292 4002 434 4070 impiuell
448 4003 579 4071 insipiens
590 4004 644 4056 ΥΟ
723 4004 1192 4076 lOsdultienem]adulationem2
1269 4006 1301 4059 15
1313 4005 1419 4060 iracun-

293 4087 528 4157 diaeeogitah‘ene
540 4090 566 4142 P
654 4090 688 4142 16
698 4090 949 4158 pusillanimitetee
961 4091 982 4158 (i
994 4107 1066 4146 σω.
1075 4091 1101 4159 l)
1112 4091 1142 4144 Π
1144 4097 1152 4122 ¹
1240 4092 1273 4146 18
1285 4091 1419 4144 inruerint

294 4172 322 4224 Σ
400 4174 432 4227 19
443 4175 604 4228 umen.
615 4176 642 4228 Y
712 4176 883 4244 macipientie
895 4177 923 4229 Σ
991 4177 1119 4231 aduersus
1130 4177 1240 4230 ΣῬὊΙ
1315 4176 1349 4229 21
1363 4191 1419 4228 am-

294 4257 455 4326 plitudinem
466 4259 689 4328 longanimitates
698 4262 739 4312 11¹
823 4261 858 4316 22
870 4262 957 4317 dilata
969 4264 1000 4316 Π
1001 4267 1009 4295 ¹
1089 4263 1170 4318 habet
1181 4263 1211 4316 Π
1290 4263 1324 4316 23
1335 4267 1419 4316 teter·

294 4344 378 4396 rimus
389 4343 466 4398 codd
559 4345 594 4398 24
605 4350 735 4402 uenerem
746 4347 786 4398 11¹
877 4349 1072 4404 assumentes
1084 4350 1122 4402 Π1
1148 4350 1279 4404 sseuienti
1292 4347 1350 4402 O²c
