3009 5200
451 431 608 489 colione
633 431 697 497 vnn,
715 431 827 487 eo-er.
1138 436 1202 505 209

68 624 257 704 ostenditur,
287 626 344 691 sed
373 642 412 689 ne
440 623 547 709 aliqua
575 625 699 706 quidam
732 626 875 708 operibus
909 642 1015 691 eorum
1049 626 1202 709 eondigna

68 728 240 810 temptatio
277 746 334 793 nee
371 726 472 792 ullum
508 726 668 812 flagellum
707 728 912 812 eorreptionis
947 728 1094 795 infertur.
1138 746 1204 795 uon

66 832 147 895 enim
171 831 344 896 merentur
365 832 498 896 eelerem
522 830 670 913 temperie
693 830 788 897 iatius
810 831 1048 914 expeditamque
1068 830 1203 897 medini-

67 952 146 1015 nnm,
180 952 323 1016 qnorum
351 932 503 997 duritia
525 934 563 997 et
584 932 843 1014 inpaeniteue
870 951 937 1001 oon
963 951 1096 1017 poenam
1116 934 1202 1001 nitas

49 1038 244 1117 sprassentis
291 1034 443 1101 exeelene
486 1034 744 1102 thesaurizat
787 1034 866 1103 eibi
907 1036 987 1120 ipsi
1023 1036 1126 1103 iram
1162 1039 1203 1103 et

64 1138 394 1223 indignationem
434 1139 474 1203 in
509 1137 571 1203 die
608 1138 692 1205 irae
728 1143 765 1207 et
801 1137 1066 1206 renotationis
1099 1140 1202 1207 iusti

64 1242 211 1309 iuditii
247 1242 331 1320 dei,
353 1240 385 1306 in
407 1260 468 1325 quo
490 1242 636 1307 uermis
669 1260 800 1311 eorum
832 1259 906 1307 non
928 1243 1138 1325 morietur,
1161 1247 1201 1309 et

64 1348 166 1429 ignis
207 1364 344 1411 eornm
376 1361 448 1410 non
482 1345 751 1427 extinguetur.
789 1349 899 1413 eontra
935 1362 1013 1428 qnos
1046 1345 1232 1429 prophetat

64 1450 150 1515 uelut
181 1452 299 1514 anxius
325 1467 381 1533 pro
410 1448 586 1515 adflictione
612 1452 803 1529 sanatorum,
833 1449 944 1515 uidens
967 1466 1021 1515 eos
1041 1449 1200 1515 aerumnis

40 1552 159 1617 anulis
184 1570 227 1616 ae
250 1552 513 1633 temptationibus
535 1552 694 1619 subiaeere
716 1558 748 1619 et
770 1573 787 1619 e
809 1553 918 1619 eontm
938 1554 1114 1635 peoeatorss
1135 1570 1200 1619 non

64 1657 165 1721 solum
192 1656 315 1737 absque
337 1654 402 1721 nllo
425 1653 652 1721 humiliationis
680 1655 804 1739 flagello
827 1674 953 1722 enrsnm
976 1656 1087 1723 munii
1107 1656 1201 1724 istius

64 1759 274 1841 palmare,
301 1758 354 1823 ead
383 1758 480 1823 etiam
507 1756 656 1824 alluentia
678 1758 861 1825 diuitiarum
889 1776 927 1824 aa
949 1778 1074 1826 summa
1094 1778 1200 1827 rorum

64 1862 212 1927 omnium
234 1862 442 1947 prosperitate
462 1863 606 1945 gaudere,
638 1860 832 1927 intolerabili
853 1861 921 1927 nelo
942 1879 979 1927 ao
1000 1863 1127 1945 spiritus
1150 1862 1201 1929 sui

65 1964 191 2031 ienuam
215 1981 386 2031 sueoeusus
409 1965 577 2030 exclamat:
601 1966 673 2030 mei
697 1963 828 2030 autem
849 1982 970 2046 paene
990 1964 1086 2031 moti
1107 1967 1201 2031 sunt

38 2069 202 2149 repedas:
232 2068 352 2150 paulo
381 2066 510 2133 minus
537 2066 661 2131 effusi
683 2067 778 2133 eunt
797 2083 964 2148 gressus
986 2066 1069 2132 mei.
1108 2070 1201 2151 quia

65 2170 205 2237 selani
237 2189 355 2252 snper
388 2170 561 2252 iniquos,
599 2187 730 2252 paoem
766 2171 1019 2253 peecatorum
1052 2170 1200 2239 uidens.

65 2276 151 2356 quia
179 2290 262 2338 non
284 2276 343 2339 eet
364 2277 566 2355 respeotus
590 2274 627 2339 in
650 2275 774 2338 morte
805 2291 952 2339 sorum:
975 2291 1045 2338 nee
1066 2272 1199 2341 sirma-

65 2381 243 2443 msntum
277 2377 315 2441 in
347 2376 469 2459 plaga
501 2394 643 2441 eornm.
681 2376 719 2441 in
752 2375 960 2441 laboribus
997 2374 1200 2443 hominum

66 2498 133 2544 non
166 2481 284 2559 snut,
314 2481 352 2543 et
381 2496 463 2543 oum
489 2478 722 2544 hominibus
752 2496 825 2543 non
855 2477 1200 2562 flagellabuntur,

39 2584 194 2650 smilinet
217 2582 252 2648 in
275 2581 380 2649 futuro
402 2600 474 2648 enm
503 2580 705 2648 daemonibus
731 2580 891 2666 puniendi,
914 2581 1023 2665 quiin
1045 2585 1201 2668 emananti

65 2708 123 2754 non
148 2689 336 2752 meruerunt
358 2685 392 2749 iu
413 2687 496 2750 sorte
518 2704 554 2752 ao
576 2684 741 2770 disciplina
769 2685 905 2752 filiorum
927 2703 999 2750 eum
1020 2684 1200 2754 hominibus

65 2791 239 2877 flagellari
276 2787 451 2856 Hieremias
484 2806 605 2872 quoque
639 2807 710 2854 oum
736 2788 793 2854 oleo
822 2806 916 2872 super
944 2788 1005 2854 hae
1032 2789 1231 2872 impiorum3

65 2893 279 2978 prosperitate
301 2893 485 2976 deceptam,
509 2892 585 2958 lieet
599 2910 795 2976 nequaquam
816 2891 961 2958 dubitare
976 2910 1009 2957 se
1024 2895 1062 2958 de
1077 2890 1201 2960 iustitia

65 2999 192 3066 domini
219 2997 401 3080 profiteatur
423 2997 546 3064 dicens:
567 2998 698 3064 iustus
727 2997 883 3080 qnidam
905 2999 947 3062 tu
970 3017 1009 3064 es
1031 2997 1200 3074 domiue,

38 3107 94 3168 esi
117 3103 328 3187 disputem
350 3103 494 3178 oseem,
522 3119 632 3167 causas
655 3103 762 3167 tamen
784 3099 876 3166 huius
897 3100 1006 3166 tantm
1029 3099 1202 3184 inaequali·

65 3209 143 3271 tatis
185 3205 347 3288 inquirens
385 3203 549 3286 subiungit
585 3206 618 3268 et
653 3203 746 3270 dieite
787 3206 1057 3269 uerumtamen
1094 3205 1201 3268 iusta

66 3309 214 3391 loquar
253 3310 296 3374 ad
334 3312 389 3373 te:
428 3323 547 3389 qnare
584 3306 652 3370 uia
686 3307 890 3388 inpiorum
933 3308 1200 3390 prosperatur:

64 3411 167 3477 bene
198 3414 259 3477 eet
286 3410 483 3494 omnibus,
512 3409 580 3492 qui
608 3409 959 3492 praeuarieantur,
993 3408 1031 3472 et
1058 3407 1200 3491 inique

64 3515 220 3599 agunt?
254 3513 447 3596 plantasti
480 3530 557 3589 eos,
593 3512 631 3576 ot
663 3511 858 3577 miserunt
894 3510 1082 3576 radioem:
1116 3527 1202 3593 pro·

172 3733 284 3787 4Rem.
302 3733 362 3798 2,5
460 3730 678 3796 tannasara
779 3733 812 3786 14
829 3733 872 3786 Pe.
891 3731 932 3798 22,
950 3733 1018 3787 2-5
1035 3731 1131 3800 (LXX)

64 3822 98 3874 24
117 3821 242 3875 Hieram.
260 3817 334 3886 12‚1
438 3817 472 3872 26
493 3816 512 3872 l.
531 3835 553 3871 c.
572 3817 639 3871 1-2

116 4028 136 4081 4
154 4026 313 4095 inperitans
329 4023 467 4080 VDOPX
491 4023 659 4094 inpoenitens
676 4024 714 4080 W
799 4025 817 4076 5
833 4023 955 4077 excidens
968 4025 1040 4078 D'P
1124 4022 1204 4079 then-

64 4113 189 4166 saurizat
209 4109 246 4164 Ψ
333 4111 348 4164 7
367 4108 460 4164 iuditii
476 4109 506 4164 D
594 4108 627 4162 10
644 4108 683 4178 et]
703 4111 735 4162 ut
752 4107 794 4163 D¹
820 4111 848 4162 et
861 4111 984 4163 seeentra
1003 4109 1026 4164 0
1113 4111 1145 4163 12
1162 4110 1205 4165 ai-

66 4197 163 4252 flnent
182 4194 241 4250 PX
332 4193 365 4250 14
384 4209 451 4263 pene
465 4193 516 4248 VO
541 4208 623 4262 poene
641 4192 680 4248 W
767 4194 800 4248 16
816 4193 919 4261 iniquis
935 4193 1033 4249 D¹0P
1123 4197 1153 4250 17
1173 4197 1205 4252 in

65 4287 156 4336 morte
172 4281 305 4338 VWOP:
323 4282 379 4334 mrt
391 4279 422 4334 D
439 4279 519 4334 morti
533 4279 584 4334 Xe
669 4295 717 4333 naa
732 4279 770 4333 V:
793 4284 821 4335 at
832 4282 902 4348 (καὶ)
915 4281 974 4335 rell.
984 4298 1001 4336 o
1013 4287 1040 4336 et
1054 4281 1135 4353 Vaip.

69 4369 100 4420 18
113 4367 204 4421 labere
217 4366 274 4420 PX
358 4366 394 4420 22
406 4381 437 4420 ae
452 4365 499 4420 W¹
590 4365 625 4419 24
642 4365 727 4420 iustos
742 4366 790 4422 W¹
876 4367 911 4421 27
924 4371 1095 4437 praeparatur
1111 4369 1138 4424 V

120 4469 201 4524 XIII·
238 4485 297 4529 tua,
313 4489 334 4529 2.
1066 4473 1100 4526 14
