3009 5200
497 421 656 478 (tonlntio
673 421 697 488 1,
715 421 824 479 10—18.
1184 424 1224 490 19

92 632 147 680 uos
181 613 268 680 seire
297 611 352 679 ubi
380 614 504 678 nostres
533 609 648 678 mentis
677 609 882 676 intentionem
913 611 1080 678 decennos
1111 610 1225 678 bebere

90 717 226 782 deinum
259 717 293 781 et
324 714 363 781 ed
394 731 488 796 quern
521 712 764 782 destinationem
798 732 920 797 semper
948 715 1073 784 ertone
1100 719 1226 784 nostres

85 837 274 886 reuooemm
287 817 458 886 intuitumr
474 835 566 900 quem
583 835 656 884 cnm
670 815 809 899 potuerit
824 815 965 884 obtinere
978 835 1079 898 mens,
1090 819 1224 903 gaudent

84 928 156 989 eea
176 941 249 1005 qua
279 923 467 992 dirmetum
488 938 521 986 se
542 919 648 988 dolent
675 923 770 1002 steno
791 921 926 1003 empiret
954 920 1129 1004 totiensque
1151 937 1225 986 ses
1274 975 1277 978 .
1310 927 1322 1018 J
1406 935 1410 944 ·

65 1043 206 1092 rrnrnno
249 1026 334 1091 bono
368 1024 484 1092 suntet
515 1023 689 1102 reccidisse,
722 1024 868 1107 quotiens
895 1043 928 1090 ee
955 1026 995 1092 sb
1020 1023 1077 1090 iilo
1101 1024 1222 1092 intuitu

81 1125 334 1213 deprehenderit
356 1128 542 1210 seueretsrn,
564 1127 803 1197 deminutionem
822 1128 963 1196 indicens
982 1130 1033 1196 nei
1047 1129 1222 1198 memento·

80 1251 170 1298 nenm
196 1252 220 1299 a
246 1231 373 1298 Christi
395 1231 654 1314 contemplntione
682 1231 861 1298 discessum
898 1248 999 1314 nuuc
1021 1249 1093 1298 cum
1115 1231 1252 1298 deme-2

80 1337 157 1400 uerit
188 1334 370 1418 paniolum
399 1336 504 1400 noster
534 1332 671 1414 obtutus,
699 1352 806 1400 rursus
834 1333 876 1400 nd
900 1349 973 1402 eum
995 1333 1223 1402 cordisoculos

80 1441 310 1520 retorquentes
338 1436 427 1505 uelut
455 1435 632 1506 rectissime
659 1436 747 1504 lineo
772 1436 888 1505 merus
910 1437 1008 1505 eciem
1029 1453 1220 1506 resecemus

58 1546 180 1606 »totum
208 1558 359 1623 numque
382 1540 414 1605 in
435 1539 556 1607 enimse
578 1539 720 1608 consistit
741 1556 875 1617 recessu,
898 1541 980 1606 unde
1003 1539 1130 1624 expulso
1153 1539 1220 1606 die

80 1643 147 1709 toto
171 1661 218 1710 uc
240 1660 444 1727 nequaquem
468 1643 502 1710 in
524 1661 560 1710 ee
579 1643 646 1710 ism
667 1641 872 1726 regnantibus
893 1643 982 1711 uitiis
1002 1648 1222 1726 cousequenter

80 1763 217 1831 mgnum
250 1745 307 1812 dei
336 1745 485 1814 fundetur
506 1745 539 1812 in
560 1745 651 1813 nobis
680 1745 805 1814 deense
829 1747 1037 1830 comedisti:
1059 1766 1221 1831 regnum

81 1851 141 1915 dei
175 1869 264 1916 non
301 1850 439 1917 ueniet
470 1868 553 1918 cnm
581 1848 883 1930 obseruetions,
915 1868 1040 1933 neque
1064 1850 1231 1917 diceute-

84 1971 167 2019 eeee
199 1953 272 2020 bio
304 1955 373 2020 ent
401 1971 493 2020 ecce
524 1952 618 2020 illio
643 1954 720 2020 ests
745 1971 854 2022 nmen
874 1954 979 2020 enim
999 1953 1087 2020 dico
1108 1953 1222 2021 uobis
1338 1975 1346 1988 ·

59 2059 175 2138 :runis
209 2075 375 2140 regnum
406 2058 471 2125 dei
498 2059 606 2124 intre
634 2075 703 2124 nos
725 2061 797 2123 est.
834 2057 919 2124 intre
946 2074 1001 2122 uos
1034 2073 1107 2123 nero
1139 2056 1218 2124 nihil

87 2158 169 2224 eliud
193 2177 270 2226 esse
291 2162 394 2243 potest
416 2179 509 2242 quem
531 2160 666 2228 scientie
685 2164 741 2228 ent
767 2159 922 2243 ignoretis
945 2159 1087 2226 ueritatis
1114 2164 1146 2224 et
1168 2162 1218 2228 uei

89 2263 239 2328 uitiorum
283 2263 425 2330 amicitie
457 2265 510 2330 uel
542 2265 707 2348 uirtutum,
741 2283 796 2348 per
821 2281 900 2346 quse
931 2263 987 2329 eut
1014 2260 1137 2328 diebolo
1164 2267 1219 2330 eut

90 2363 217 2432 Christo
240 2384 378 2450 regnum
404 2385 549 2450 peremne
577 2367 611 2433 iu
640 2369 738 2433 corde.
774 2369 862 2433 cuius
890 2367 983 2432 mem
1007 2367 1097 2449 regni
1118 2365 1250 2448 qualit
1331 2393 1334 2399 ¹

92 2475 187 2534 tutem
214 2469 368 2536 describit
388 2470 544 2552 emotus
559 2472 605 2536 ite
619 2469 737 2536 dicens:
760 2488 836 2534 non
856 2469 958 2534 euim
979 2486 1141 2551 regnum
1158 2470 1220 2534 dei

62 2580 149 2643 nest
179 2590 277 2639 esce
306 2575 344 2639 et
371 2575 507 2657 potus,
537 2573 604 2640 sod
625 2573 792 2639 iustitis
814 2575 853 2638 et
873 2589 944 2655 per
967 2574 1005 2638 et
1026 2573 1219 2654 goudium

92 2678 130 2741 in
157 2677 321 2760 spiritu
348 2680 495 2744 sancto.
532 2678 637 2759 inque
659 2676 686 2743 si
707 2694 837 2759 regnum
859 2674 909 2740 dei
930 2674 1017 2741 intre
1039 2694 1094 2741 nos
1117 2679 1164 2742 est
1187 2682 1219 2743 et

92 2784 195 2863 insum
225 2800 362 2865 regnum
391 2780 441 2846 dei
470 2777 595 2845 iustitie
623 2782 655 2844 et
675 2795 734 2860 per
756 2778 789 2843 et
808 2778 957 2861 gaudium
981 2781 1038 2857 est,
1068 2795 1142 2863 ergo
1164 2781 1218 2861 qui

94 2885 219 2951 inistis
243 2888 453 2951 commoretur
475 2884 542 2949 sine
565 2883 657 2949 dubio
680 2882 713 2947 in
734 2900 828 2963 regno
843 2883 893 2947 dei
908 2886 965 2965 est,
987 2884 1020 2947 et
1034 2901 1051 2948 s
1065 2884 1219 2950 contremo

94 2988 139 3053 iili
160 2989 219 3071 qui
242 2988 278 3053 in
300 2987 458 3053 iniustitia
479 2988 511 3052 et
537 2984 689 3052 discordis
712 2987 744 3049 et
765 2984 899 3050 tristitie
924 2989 1057 3051 montem
1073 2991 1219 3068 operante

63 3094 272 3170 summitur,
286 3093 318 3157 iu
333 3108 427 3173 reguo
440 3091 553 3156 dioboli
570 3093 601 3154 et
616 3089 649 3153 in
664 3088 784 3154 interno
797 3107 834 3153 ac
844 3091 945 3153 morte
957 3095 1034 3154 sunt
1048 3090 1219 3156 constituti.

93 3195 141 3259 bie
164 3194 254 3261 euim
276 3193 399 3259 indiciis
421 3193 473 3259 uel
496 3192 545 3257 dei
568 3191 618 3258 uel
640 3190 759 3256 disbmi
777 3191 962 3258 disternitur
975 3209 1115 3274 regnum.
1139 3197 1172 3259 et
1186 3213 1220 3258 re
1344 3225 1349 3235 ·

95 3318 167 3363 nere
190 3300 217 3361 si
240 3298 370 3363 sublimi
393 3298 509 3363 mentis
528 3295 647 3361 intuitu
669 3295 899 3361 consideremus
922 3295 1163 3373 statuminum,
1186 3300 1219 3362 in

95 3420 152 3481 qno
176 3402 299 3484 degunt
319 3401 468 3465 caelestes
491 3416 703 3480 superumque
725 3398 861 3465 uirtutes
883 3416 964 3481 quse
985 3418 1060 3465 nere
1073 3402 1107 3464 in
1122 3418 1218 3482 reguo

95 3506 140 3568 dei
164 3510 251 3578 sont,
274 3503 326 3584 qui
349 3502 427 3565 eiius
451 3520 517 3565 esse
539 3501 706 3567 credendus
732 3504 781 3566 eet
803 3520 897 3584 qunm
911 3505 1061 3585 perpetue
1075 3502 1220 3587 iugisque

196 3706 229 3758 12
248 3706 310 3759 Luc.
330 3704 370 3768 17,
388 3704 488 3757 uti-21
595 3705 628 3758 19
649 3704 724 3758 Rom.
745 3704 786 3768 14,
804 3705 837 3759 11

139 3894 292 3949 3intitnm
309 3893 351 3947 D*
449 3892 575 3946 ddulent
592 3892 634 3947 D¹
721 3890 807 3962 sdque
830 3892 869 3949 W
960 3894 1217 3953 breccidisseW1:
1315 3861 1318 3864 Ι
1414 3858 1417 3864 ¹

92 3980 217 4033 reeidieee
235 3977 363 4032 D'W'X
392 3976 520 4031 resedisse
538 3976 579 4031 D¹
674 3978 860 4047 dseperetnm
881 3980 919 4036 W
1009 3980 1092 4050 irps
1110 3982 1150 4035 D¹

93 4072 288 4129 ltinetD
382 4069 698 4142 lienium]eedernD¹
788 4073 1152 4131 ldsuimDrnmenWX

92 4178 121 4231 15
144 4180 216 4232 inter
234 4193 282 4233 uos
299 4180 344 4231 est
368 4175 399 4230 D
504 4174 535 4225 17
560 4165 652 4230 subdio
670 4179 695 4241 (r
712 4176 745 4230 ire
763 4179 829 4244 rue)
853 4176 883 4231 D
987 4177 1020 4232 19
1043 4178 1167 4235 discribit
1190 4178 1218 4232 D

92 4271 217 4327 deemibet
241 4272 290 4327 W¹
380 4268 416 4325 23
434 4272 654 4323 commemoretur
675 4268 722 4325 W
808 4268 843 4325 24
859 4270 969 4325 iustitie
986 4272 1028 4326 D²
1067 4305 1071 4313 .
1108 4272 1142 4325 ib
1159 4273 1218 4327 din·

92 4360 145 4412 buli
160 4358 201 4414 D¹
231 4359 319 4414 zabuli
338 4358 397 4414 D’:
430 4355 472 4409 ita
491 4359 516 4407 et
534 4353 613 4420 infru
715 4354 980 4425 requieturum

1074 4460 1113 4513 2*
