3009 5200
319 444 361 509 84
710 440 873 496 Iohannis
891 439 1048 496 Cassiani

360 630 433 695 XII.
456 645 662 694 nrrnvrrvs:
686 629 755 692 Hoc
777 645 832 692 nos
856 633 939 693 recte
962 627 1119 706 mouisset,
1142 633 1169 695 oi
1191 631 1224 696 in
1246 633 1333 696 omni
1347 649 1442 714 opere

317 733 369 796 nel
399 731 562 815 disciplina
589 731 775 815 principium
801 732 928 795 tantum
949 734 1031 796 esset
1053 751 1090 798 ao
1111 733 1182 798 finis
1203 737 1236 799 et
1258 751 1320 799 non
1342 735 1442 800 etiam

319 834 469 916 quaedam
496 835 643 900 medietas
671 834 849 899 interesset.
884 836 991 917 itaque
1022 839 1104 903 sicut
1132 839 1305 903 occasiones
1328 839 1442 904 salutis

319 938 448 1003 diuersis
482 939 581 1003 modis
614 939 705 1003 deum
735 937 950 1020 cognoscimus
978 942 1111 1023 operari,
1140 941 1188 1006 ito
1219 944 1362 1006 nostrum
1392 946 1445 1007 est

318 1040 525 1107 occasionibus
548 1060 567 1107 a
589 1040 755 1107 diuinitate
783 1041 937 1108 concessis
966 1043 1018 1107 nel
1052 1044 1172 1109 enixius
1200 1046 1252 1109 uel
1281 1046 1443 1111 remissius
1468 1068 1489 1106 5

319 1143 472 1210 famulari.
511 1163 584 1210 nam
605 1145 692 1230 [siout
716 1146 766 1211 dei
794 1145 856 1211 fuit
883 1147 1025 1211 uocantis
1046 1147 1163 1213 oblatio
1185 1147 1247 1211 eri
1269 1147 1446 1213 deterre

318 1251 401 1328 tna,
424 1251 468 1317 ita
490 1249 631 1316 Abrahae
652 1250 715 1314 fuit
737 1252 875 1315 exeuntis
899 1250 1103 1328 oboedientia,
1127 1255 1158 1314 ot
1179 1250 1446 1334 quemadmodum

317 1351 397 1417 illud
419 1354 500 1435 quod
522 1354 638 1419 dicitnr
659 1355 697 1419 et
719 1357 807 1420 ueni
830 1355 871 1419 in
895 1354 1046 1419 terram
1068 1356 1105 1419 ui
1126 1355 1184 1419 fiat
1199 1356 1445 1439 obtemperantis

318 1460 366 1521 est
393 1475 479 1540 opus,
503 1459 546 1522 ita
568 1457 647 1522 illud
675 1459 757 1540 quod
784 1458 910 1523 additur
933 1477 1045 1539 qnam
1067 1458 1146 1522 tibi
1167 1462 1446 1523 monstrarero

289 1559 453 1630 2iubentis
488 1559 538 1624 dei
564 1561 615 1624 uel
647 1561 861 1645 promittentis
889 1563 936 1626 est
963 1562 1072 1643 gratia.
1110 1565 1209 1627 certos
1238 1565 1345 1626 tamen
1373 1580 1445 1625 esse
1457 1587 1492 1625 re

319 1683 373 1729 nos
396 1664 549 1738 conuenit,
573 1664 654 1746 quod
676 1684 799 1729 omnem
821 1664 977 1729 uirtutem
999 1664 1162 1729 indefessis
1178 1666 1339 1729 conatibus
1354 1683 1446 1728 erer-

319 1769 424 1832 oentes
451 1785 644 1851 nequaquam
671 1767 835 1850 diligentia
862 1768 914 1831 nel
942 1767 1046 1832 studio
1079 1773 1184 1832 nostro
1217 1767 1445 1849 perfectionem

318 1873 470 1952 possimus
503 1870 664 1955 adtingere
698 1889 756 1935 neo
786 1870 921 1935 sufficiat
948 1871 1087 1936 humana
1112 1871 1265 1936 sedmitm
1297 1870 1442 1935 laborum

318 1973 429 2038 merito
457 1974 496 2038 ad
523 1975 589 2038 tam
617 1974 767 2040 sublimia
794 1972 996 2039 beatitudinis
1025 1975 1164 2056 praemia
1184 1974 1355 2057 peruenire,
1378 1973 1445 2036 nisi

320 2095 356 2141 ea
378 2077 501 2142 domino
522 2076 611 2140 nobis
634 2081 817 2158 cooperante
839 2081 871 2142 et
893 2095 945 2142 cor
959 2078 1102 2141 nostrum
1116 2077 1156 2142 ad
1170 2079 1204 2142 id
1221 2077 1303 2159 quod
1317 2076 1445 2159 expedit
1459 2105 1489 2143 ιε

320 2181 471 2263 dirigente
494 2179 644 2245 deerimus
658 2180 786 2264 indepti.
810 2182 937 2264 ideoque
953 2181 1100 2246 debemus
1115 2200 1188 2246 cnm
1203 2179 1304 2246 Dauid
1319 2180 1446 2245 orantes

319 2287 484 2350 momentis
496 2283 628 2366 singulis
644 2284 761 2349 dicere:
776 2284 927 2368 perfice
940 2303 1100 2366 gressus
1114 2303 1216 2350 meos
1230 2284 1268 2349 in
1283 2282 1446 2348 semitis

320 2387 418 2452 tuis:
452 2392 492 2451 ut
523 2405 593 2452 non
622 2392 851 2453 moueantur
880 2389 1053 2472 uestigia
1082 2407 1181 2467 mea,
1210 2394 1258 2454 et:
1290 2387 1447 2453 statuit

320 2493 437 2574 sup'er
458 2495 609 2573 petram
630 2493 748 2574 pedes
770 2510 889 2556 meos:
914 2496 952 2556 et
973 2492 1122 2558 direxit
1143 2509 1305 2576 gressus
1320 2509 1444 2574 mooe,

319 2598 356 2662 ut
376 2595 517 2660 nostrum
540 2595 715 2677 arbitrium,
739 2595 821 2677 qnod
843 2594 1012 2678 procliuius
1028 2597 1078 2660 uel
1093 2595 1286 2678 ignoratione
1301 2594 1373 2661 boni
1387 2593 1488 2660 ueiae

319 2698 525 2765 oblectatione
553 2701 729 2783 passionum
751 2698 850 2764 fertur
878 2700 917 2764 ad
946 2698 1035 2777 uitia,
1065 2699 1121 2764 ilie
1149 2698 1319 2764 inuisibilis
1339 2702 1444 2764 rector

319 2802 434 2867 mentis
457 2800 608 2866 humanae
623 2804 660 2867 ad
676 2802 831 2867 uirtutum
849 2802 954 2885 potins
969 2803 1074 2867 studia
1095 2805 1271 2883 retorquere
1285 2801 1443 2885 dignetur.

291 2906 402 2987 3qnod
434 2922 495 2969 nno
528 2905 682 2970 uersiculo
715 2923 770 2987 per
801 2905 987 2988 prophetam
1021 2905 1278 2971 manifestissime
1307 2905 1443 2988 legimus

320 3008 495 3071 decantari:
526 3007 709 3092 inpulsus
731 3009 917 3073 uersatus
942 3026 1023 3073 anm
1044 3010 1087 3072 nt
1108 3007 1303 3073 caderem:
1325 3008 1445 3089 inquo

320 3110 410 3175 liberi
440 3109 564 3174 arbitrii
593 3110 759 3175 infirmitas
782 3112 971 3196 designatur.
1010 3114 1047 3175 et
1069 3110 1248 3176 dominus
1271 3114 1490 3193 suscepitaa

321 3230 389 3278 me:
418 3230 540 3277 rursum
557 3213 746 3279 adiutorium
761 3214 879 3280 domini
893 3214 1036 3280 iunctum
1052 3213 1153 3280 eidem
1167 3232 1290 3297 semper
1303 3214 1444 3279 ostendi-

321 3319 383 3393 tur,
406 3334 475 3399 que,
498 3334 535 3381 no
557 3316 681 3398 penitus
703 3317 801 3383 libero
816 3317 1020 3383 conlabamur
1042 3316 1185 3399 arbitrio,
1200 3336 1273 3383 cam
1287 3316 1445 3386 titubasse

320 3437 375 3485 nos
390 3420 514 3497 uiderit,
530 3420 722 3501 porrectione
737 3420 961 3503 quodammodo
976 3438 1128 3486 manuum
1143 3439 1271 3486 suarmn
1285 3422 1446 3486 sustentat

321 3527 414 3606 atquo
444 3522 615 3588 confirmat.
653 3525 685 3588 et
713 3522 843 3588 iterum:
874 3523 908 3587 si
930 3523 1121 3589 dicebam:
1144 3526 1272 3588 motus
1293 3527 1352 3587 est
1374 3542 1445 3605 pes

423 3744 610 3809 17Ps.16,5
690 3745 723 3799 18
739 3742 785 3798 Ps.
802 3744 880 3808 39,3
957 3742 1186 3810 24Ps.117‚1a
1235 3744 1333 3820 Ι251.
1351 3759 1375 3797 c.

320 3829 527 3898 assecula

374 4038 387 4091 l
406 4037 603 4091 omnicreator
620 4036 661 4091 D:
689 4052 739 4091 ora.
758 4037 786 4091 P
858 4036 1026 4091 decessione
1042 4036 1109 4092 ΒΟ*
1133 4036 1295 4091 accessiones
1312 4035 1376 4090 WP

320 4121 432 4177 adeum
452 4124 563 4177 aaran
579 4122 609 4175 D
695 4122 932 4177 beccensionibns
949 4121 990 4176 D¹
1077 4124 1092 4176 i
1110 4122 1243 4177 habrahae
1264 4122 1302 4178 W
1386 4136 1447 4176 exe

321 4210 400 4275 untes
424 4207 508 4263 W¹P¹
612 4210 628 4263 9
653 4224 730 4283 quem
753 4209 782 4263 D
885 4208 918 4262 13
935 4208 1052 4262 sufficiet
1075 4208 1147 4263 W¹0
1250 4208 1283 4262 lb
1299 4214 1330 4261 ea
1347 4206 1377 4261 D

322 4294 355 4347 19
373 4309 452 4362 sopra
472 4293 541 4349 OPo
636 4293 670 4349 23
687 4295 818 4363 profetam
834 4294 901 4350 D¹0
993 4295 1028 4348 26
1044 4311 1134 4350 rursus
1154 4293 1177 4348 Ο
1261 4292 1294 4345 27
1312 4290 1375 4360 quo]
1394 4306 1449 4359 qno

321 4380 375 4433 iarn
392 4379 478 4434 D¹Pc
581 4381 614 4435 28
632 4396 739 4434 manum
757 4380 797 4435 D¹
900 4380 934 4434 29
952 4381 1037 4450 adque
1054 4381 1113 4436 ΒΡ
1213 4394 1283 4448 pene
1301 4377 1331 4432 D
