3009 5200
556 442 718 499 Conlatie
740 442 843 497 xxm.

631 1091 765 1177 XXIII.

165 1314 432 1416 centullo
464 1314 700 1413 ABBATIS
733 1310 993 1413 THEONAE
1025 1310 1231 1409 TERTIA.

509 1538 564 1603 DII
587 1535 888 1603 ANAMARTETO.

576 1749 821 1845 cesluim.

110 1963 128 2001 s
255 1937 282 2001 Ι.
306 1933 484 2019 Disputatio
522 1934 641 1999 abbatis
676 1933 817 1998 Theonse
851 1932 887 1997 de
921 1951 954 1997 ee
988 1931 1069 2014 quud
1102 1931 1257 2013 apestolus

304 2040 395 2104 dicit:
419 2057 491 2103 nen
514 2038 733 2119 enimquod
757 2037 846 2101 uolo
869 2035 972 2101 faeie
995 2037 1144 2101 bonum.

240 2143 282 2208 ΙΙ.
305 2142 408 2207 Multa
430 2139 509 2205 bene
530 2140 703 2221 apostolum
726 2156 963 2204 consummasse.
1175 2143 1180 2153 '

219 2247 279 2311 III.
304 2245 386 2325 Quid
416 2244 457 2308 sit
485 2262 556 2308 uere
583 2244 708 2325 bonnm,
738 2242 820 2324 qnod
848 2240 1006 2325 apostulus
1035 2244 1134 2306 semet
1154 2243 1256 2323 ipsum

304 2348 450 2431 perficere
471 2365 532 2412 non
552 2364 641 2429 pesse
664 2346 811 2410 testetur.

100 2480 131 2519 ιο
205 2454 282 2518 IIII.
305 2452 483 2516 Bonitetem
500 2452 668 2515 humenem
690 2455 782 2533 atque
806 2450 958 2514 iustitiam
976 2467 1035 2513 nen
1052 2466 1119 2512 esse
1133 2447 1255 2523 bunum,

304 2555 331 2618 si
354 2554 481 2619 diuinae
503 2554 637 2620 bonitati
660 2571 695 2618 ne
717 2553 855 2618 institiae
886 2553 1070 2618 conferatur.

242 2658 280 2721 V.
303 2657 466 2722 Neminem
504 2675 625 2722 summe
658 2656 706 2721 illi
738 2657 818 2723 bone
852 2658 1007 2722 intentum
1042 2673 1107 2722 esse
1143 2655 1258 2739 ingiter

303 2780 402 2845 pesse.

226 2864 279 2929 VI.
303 2864 390 2944 Quod
411 2863 506 2961 lippis
529 2864 647 2928 simile's
677 2865 739 2929 sint
762 2863 795 2928 hi
817 2863 870 2945 qui
893 2882 926 2926 se
949 2861 1080 2927 eredunt
1103 2880 1169 2927 esse
1192 2862 1257 2958 sine

102 2993 131 3032 ιε
303 2973 437 3052 peceato.

211 3070 280 3138 vn.
304 3071 393 3151 Quod
421 3072 464 3148 hi,
493 3071 546 3152 qui
574 3055 777 3153 pronuntient
805 3089 871 3133 esse
900 3069 1057 3133 homiuem
1080 3086 1169 3150 posse
1191 3069 1256 3132 sine

303 3175 437 3256 petente,
459 3173 578 3256 duplici
599 3175 632 3237 in
654 3174 712 3237 hoe
734 3174 868 3257 agantur
891 3190 1001 3236 errore.

192 3275 279 3341 v111.
303 3274 390 3354 Quod
411 3295 577 3361 pensurum
599 3277 643 3342 sit
664 3277 845 3358 intellegere
868 3279 1005 3358 pennata.
1034 3279 1037 3288 ’

175 3379 279 3444 Vllll.
303 3378 371 3458 Qua
382 3383 524 3444 sentisne
535 3380 717 3444 memoriam
728 3379 778 3444 dei
791 3380 958 3446 moneehus
971 3378 1080 3444 debeat
1092 3377 1255 3442 eustodire.

100 3509 131 3549 eo
241 3482 280 3546 X.
304 3482 393 3562 Quod
424 3485 457 3548 hi
488 3469 542 3564 qni
569 3484 609 3549 sd
641 3483 863 3565 perfeetionem
895 3482 1030 3547 tendunt
1057 3481 1091 3545 in
1124 3480 1256 3545 ueritate

303 3586 506 3650 humilientur
528 3588 560 3650 et
581 3587 631 3651 dei
650 3587 754 3669 gretia
769 3603 888 3667 semper
904 3605 937 3650 se
953 3584 1091 3650 semlant
1106 3582 1254 3666 indigere.

241 3770 258 3824 6
276 3769 353 3823 Rem.
372 3771 396 3833 7,
416 3771 447 3824 19

148 3940 360 4008 .‘lep0stulns
379 3941 436 3996 BF
526 3942 560 3996 10
575 3943 661 4010 euque
677 3942 731 3996 B·
800 3943 831 3996 ll
849 3941 943 3996 nteiO
1037 3957 1089 3994 non
1106 3939 1264 3996 conferetur·

136 4026 167 4080 Β
190 4026 396 4097 conferuntur?
490 4029 523 4083 12
540 4029 633 4083 illuO
727 4029 759 4082 14
777 4028 874 4082 simliis
892 4028 932 4082 Κ1
1027 4028 1085 4082 sint
1101 4027 1166 4082 FO:
1193 4029 1256 4079 sunt

133 4111 194 4166 rotz.
273 4111 313 4166 hii
330 4111 406 4167 codd.
488 4114 520 4168 16
537 4113 577 4166 hii
595 4115 672 4168 codd.
748 4129 824 4182 pesse
841 4113 1010 4183 hominene
1090 4113 1121 4166 17
1139 4114 1256 4181 aguntur

136 4197 163 4252 0
258 4197 382 4252 18v111.
408 4198 484 4265 Quod
501 4199 540 4252 hii
558 4200 604 4268 qni
623 4201 797 4266 pronuntient
814 4215 871 4254 esee
888 4203 994 4270 peecata
1012 4200 1086 4267 (stol)
1103 4199 1133 4268 βε
1160 4215 1256 4268 tempe

86 4281 90 4287 '
134 4284 271 4337 tetrum
288 4283 468 4338 aberramus
485 4285 523 4339 ae
539 4290 635 4354 eam
731 4286 766 4340 20
784 4286 824 4340 hii
841 4286 916 4342 codd.
1015 4287 1047 4342 21
1066 4303 1094 4341 ee
1111 4301 1212 4355 semper
1230 4287 1257 4340 B

132 4374 203 4422 ante
221 4382 323 4435 semper
341 4371 491 4424 resumite
508 4370 538 4424 F
638 4387 666 4424 se
684 4371 777 4426 ΜΟ
1343 4373 1345 4378 ’
