3009 5200
302 425 342 489 34
690 420 854 477 Iohannis
874 421 1029 477 Cassiani

301 615 524 696 pretiosissimo
546 613 769 696 scripturarum
794 613 909 677 uitioso
930 615 962 677 et
983 611 1137 676 haeretico
1158 629 1250 677 senen
1273 629 1335 676 non
1348 611 1417 677 ueri

301 717 391 800 regis,
426 717 480 783 sed
513 716 637 800 tyranni
667 715 846 798 praeferunt
873 717 1005 792 uultum,
1036 714 1182 778 similiter
1209 714 1417 779 discernentes

300 819 436 885 refutare
456 819 622 902 possimus,
644 818 711 883 sino
728 819 795 899 illa,
817 835 948 899 quornm
969 817 1089 900 pondus
1103 835 1140 882 ac
1153 816 1289 898 pretium
1303 833 1415 899 aerugo

300 923 448 987 sanitatis
481 922 632 987 adrodens
661 921 768 1004 exagio
794 921 949 986 seniorum
976 939 1036 986 non
1063 921 1141 985 sinit
1175 921 1350 1001 adaequari,
1379 920 1417 984 ut

300 1026 487 1090 nomismata
501 1024 585 1089 lenis
606 1025 698 1106 atque
712 1028 861 1089 damnosa
874 1025 1038 1106 minusque
1052 1024 1215 1105 pensantia
1228 1040 1413 1099 recusemus,
1437 1043 1450 1084 s

299 1147 337 1192 ne
359 1129 392 1192 in
414 1128 493 1192 illud
521 1127 699 1206 incidentes,
728 1127 808 1209 qnod
831 1127 997 1192 obseruare
1026 1131 1092 1190 tota
1113 1127 1231 1191 uirtute
1251 1128 1414 1208 praecepto

298 1231 414 1296 domini
444 1247 683 1304 commonemur,
712 1232 831 1294 cunctis
854 1229 995 1296 laborum
1021 1231 1193 1295 nostrornm
1214 1229 1334 1294 meritis
1357 1227 1414 1293 sti·

297 1333 477 1416 pendiisque
504 1332 699 1397 fraudemur:
734 1332 864 1397 nolito
892 1332 1163 1398 thesaurizare
1193 1331 1304 1396 nobis
1333 1331 1414 1396 the·

298 1451 434 1500 sauros
456 1435 497 1499 in
519 1437 642 1512 terra,
673 1433 739 1498 ubi
761 1450 905 1517 aerugo
928 1439 965 1498 et
986 1437 1093 1500 tinea
1114 1435 1353 1511 demolitur,
1376 1437 1414 1498 et

267 1536 362 1604 aubi
378 1536 487 1602 fures
503 1537 967 1603 effodiuntetfurantnr.
990 1538 1140 1620 quidquid
1166 1537 1250 1602 enim
1275 1540 1448 1602 contem-ro

297 1642 433 1723 platione
459 1641 613 1704 humanae
635 1639 749 1724 gloriae
772 1639 944 1716 fecerimus,
967 1639 1001 1704 in
1022 1641 1107 1706 terra
1129 1658 1184 1706 nos
1206 1640 1412 1706 thesaurizare

297 1743 466 1808 secundum
490 1743 605 1808 domini
630 1743 817 1807 sententiam
840 1745 1025 1819 nonenimus,
1042 1748 1079 1822 ‚et
1100 1748 1321 1826 consequenter
1334 1742 1412 1808 illud

297 1849 457 1929 tamquam
480 1846 566 1910 humi
589 1845 780 1913 reconditum
803 1848 835 1910 in
856 1848 1032 1929 terramque
1045 1849 1202 1914 delossum
1217 1847 1269 1912 nel
1283 1847 1413 1912 diuersis

297 1949 466 2016 daemoniis
488 1949 738 2033 depopulandum
769 1950 822 2015 nel
849 1951 934 2014 edaci
963 1949 1146 2016 cenodoxiae
1173 1949 1318 2032 aerugine
1340 1967 1412 2015 oon·

296 2052 483 2120 sumendum
504 2054 554 2116 uel
579 2054 626 2117 ita
647 2053 807 2135 superbiae
827 2053 920 2118 tineis
940 2053 1159 2135 deuorandum,
1180 2055 1217 2119 nt
1238 2053 1278 2116 ad
1292 2053 1447 2118 nnllamn

295 2155 485 2222 recondentis
507 2156 678 2221 utilitatem
694 2156 996 2238 emolumentumque
1010 2155 1167 2237 respiciat.
1194 2173 1300 2224 omnes
1314 2157 1411 2237 igitur

296 2259 394 2324 cordis
416 2260 512 2326 nostri
527 2277 663 2325 recessus
687 2259 803 2343 ingiter
819 2260 1033 2342 perscrutandi
1046 2262 1121 2325 sunt
1135 2266 1166 2324 et
1181 2259 1411 2324 ascendentium

295 2367 406 2428 ineos
435 2363 568 2445 uestigia
596 2365 790 2446 indagatione
818 2363 1020 2447 sagacissima
1052 2363 1259 2441 retractanda
1287 2381 1327 2428 ne
1352 2380 1412 2444 qna

295 2467 374 2532 forte
396 2465 617 2531 intellectualis
632 2467 745 2531 ibidem
763 2469 870 2541 bestia,
886 2467 938 2531 uel
953 2467 1002 2531 leo
1017 2467 1070 2531 uel
1084 2466 1186 2548 draco,
1202 2465 1411 2548 pertransiens

294 2570 468 2656 perniciosa
488 2570 622 2653 uestigia
644 2570 779 2635 latenter
800 2570 991 2653 impresserit,
1019 2570 1131 2653 quibus
1152 2587 1292 2636 accessus
1314 2568 1447 2637 etiamad

296 2676 405 2740 ceteris
428 2676 458 2739 in
481 2674 575 2756 adyta
597 2674 730 2756 pectoris
752 2674 852 2737 nostri
872 2692 927 2755 per
941 2675 1165 2757 cogitationum
1180 2673 1409 2756 neglegentiam

295 2779 487 2861 praebeatur.
526 2782 557 2841 et
579 2778 624 2841 ita
646 2794 699 2858 per
721 2776 859 2859 singulas
887 2776 977 2841 horas
1000 2780 1093 2859 atque
1115 2779 1273 2843 momenta
1294 2779 1410 2840 terram

295 2880 396 2945 cordis
418 2880 517 2944 nostri
540 2878 717 2963 euangelico
740 2880 852 2955 aratro,
881 2878 938 2945 hoc
960 2881 1007 2944 est
1028 2879 1095 2963 iugi
1117 2879 1287 2945 dominicae
1310 2878 1409 2943 crucis

294 2981 502 3048 recordatione
525 2982 681 3047 sulcantes
708 2982 760 3046 nel
787 2982 947 3046 noxiarum
969 3002 1007 3045 en
1028 2982 1117 3048 nobis
1138 2983 1273 3048 ferarum
1295 2980 1411 3047 cubilia

294 3084 345 3148 nel
373 3085 597 3151 uinulentornm
625 3084 814 3166 serpentium
843 3084 1047 3151 exterminare
1076 3086 1208 3152 latibula
1233 3086 1447 3167 poterimus-as

394 3304 411 3357 8
428 3302 479 3357 ut.
496 3304 522 3369 6,
543 3304 574 3358 19

345 3507 551 3574 lpciosiasemo
572 3508 602 3563 D
704 3510 821 3563 heretico
837 3508 941 3565 DWX
1040 3475 1155 3579 derri'go
1173 3513 1198 3576 (e
1215 3512 1296 3579 arae.)
1313 3511 1344 3565 D

293 3613 310 3667 5
327 3602 487 3667 nimiemata
504 3612 538 3667 W
623 3613 640 3666 6
657 3612 808 3666 incedentes
824 3614 872 3668 W¹
957 3612 1040 3668 duod
1051 3629 1119 3667 crea.
1130 3614 1162 3668 ta
1172 3614 1202 3668 D
1289 3615 1322 3668 10
1337 3614 1411 3683 quio·

294 3704 358 3773 qnid
379 3704 481 3760 DWX
582 3705 823 3773 contemplantione
838 3706 879 3760 Ι)ι
908 3707 1156 3774 contemplationem
1178 3706 1226 3762 W¹
1328 3710 1360 3763 11
1383 3710 1410 3761 in

293 3798 373 3869 tarra]
393 3800 465 3852 intra
487 3800 516 3853 D
619 3798 651 3852 12
678 3801 812 3853 sententia
837 3800 866 3855 D
967 3800 1030 3854 illut
1055 3800 1084 3855 D
1185 3801 1219 3854 13
1245 3800 1411 3856 recunditum

290 3901 331 3955 D¹
433 3902 460 3955 in
488 3905 639 3971 terramque
665 3903 715 3957 W:
745 3906 867 3972 terraque
893 3902 922 3957 D
1023 3906 1104 3973 atque
1130 3904 1159 3957 in
1185 3906 1286 3958 terram
1314 3904 1345 3958 X

293 3996 326 4074 14'
344 3995 455 4089 demoni.
477 4021 546 4089 (aaa
564 4023 617 4077 litt.
636 4025 759 4092 monuit)
782 4024 812 4078 D
912 4024 1094 4093 populandum
1117 4024 1168 4079 Dr
1189 4026 1254 4093 sort.
1272 4032 1344 4080 recte

291 4139 368 4194 ecco
384 4140 425 4194 n¹
526 4108 634 4211 stirne
652 4148 676 4207 <a
695 4145 774 4210 eras.)
790 4144 821 4198 n
924 4144 956 4199 rs
979 4145 1151 4199 resudantes
1172 4146 1215 4201 1)ι
1243 4145 1411 4201 manontes

294 4234 341 4289 W¹
426 4236 553 4305 respiciat
569 4237 649 4291 DW=
675 4236 799 4305 proficiat
815 4238 866 4293 Xo
950 4238 984 4292 21
1002 4239 1085 4308 adyta
1099 4241 1148 4295 W:
1175 4239 1292 4294 aditaD
1318 4240 1411 4295 abdita

291 4328 342 4385 Xo
444 4329 478 4385 25
496 4331 685 4385 nirolentornm
701 4331 741 4385 D¹
771 4334 898 4387 nerolont
923 4333 970 4388 W¹
