3009 5200
433 431 594 488 Conlatio
617 430 711 496 XIIII,
734 433 843 486 16-17.
1137 434 1199 499 421

78 622 254 704 pessiomm
277 622 308 685 et
330 622 465 685 maxime
498 620 712 687 fornicatiouis
746 621 926 688 dominatur
954 622 1084 687 affectus
1107 622 1200 705 spiri-

77 725 169 789 talem
202 725 320 806 poterit
353 723 514 789 scientiam
548 724 713 807 possidere.
758 726 797 789 in
832 727 948 789 corde
984 725 1067 789 enim
1105 725 1200 789 bono

77 826 305 910 requiescet
348 826 570 911 sapientia,
620 830 667 892 et:
711 827 780 909 qni
824 828 938 891 timet
983 827 1199 904 deminum,

76 930 255 995 inueniet
276 930 484 996 seientiam
507 948 590 995 cum
611 930 792 995 iustitia.
823 930 882 995 hoc
903 930 1009 994 autem
1031 948 1090 1012 quo
1113 948 1201 1013 prae-

56 1034 209 1098 edin'mus
232 1033 339 1101 ordine
360 1033 400 1100 ad
421 1034 598 1116 spiritalem
618 1035 780 1099 scientiam
802 1033 959 1117 perueniri
979 1033 1073 1098 etiam
1091 1031 1200 1098 beatus

75 1136 234 1220 apostolus
266 1139 363 1203 docet.
408 1154 480 1202 narn
518 1155 589 1202 cnm
622 1138 840 1202 uniuersorum
876 1137 1032 1200 uirtutum
1070 1154 1199 1200 suarum

74 1258 134 1303 non
164 1239 268 1305 solnm
298 1240 476 1324 catalogum
508 1241 620 1319 terere,
652 1258 763 1304 uerum
794 1239 889 1303 etiam
923 1240 1060 1303 ordinem
1091 1257 1199 1304 earum

73 1344 169 1409 uellet
203 1361 361 1427 exponere,
392 1345 429 1408 ut
459 1360 535 1425 quae
570 1360 664 1425 quam
697 1346 877 1424 sequeretur
906 1342 958 1407 nel
992 1359 1071 1424 quae
1104 1358 1198 1423 quam

73 1447 246 1528 parturiret
289 1446 483 1529 exprimeret,
528 1450 600 1529 post
644 1446 805 1527 aliquanta
848 1445 957 1510 intulit
1001 1446 1122 1510 dicens:
1160 1444 1199 1510 iu

44 1549 250 1633 renigiliis,
281 1548 529 1629 inicientis,
559 1550 600 1613 in
630 1549 838 1626 castitate,
870 1550 907 1613 in
938 1549 1130 1625 scientia,
1158 1550 1198 1614 in

72 1651 397 1736 longanim-Itate,
427 1651 466 1717 in
488 1651 713 1727 suauitate,
743 1653 783 1717 in
812 1652 960 1733 spiritu
983 1655 1136 1733 sancto,
1158 1652 1198 1717 in

73 1756 250 1820 caritate
279 1772 352 1818 non
374 1755 484 1821 licta
521 1772 583 1837 qua
612 1754 829 1837 coniugatione
850 1756 1006 1819 uirtutum
1029 1755 1227 1821 euidentia-9

73 1860 151 1923 sime
172 1876 231 1923 nos
252 1859 355 1923 noluit
377 1858 499 1923 erudire
513 1858 551 1923 de
564 1857 684 1940 uigilia
703 1858 796 1939 atqde
811 1858 937 1923 ieiuniis
953 1858 993 1923 ad
1008 1858 1195 1938 casitatem,

73 1962 108 2027 de
131 1961 279 2027 castitate
301 1962 342 2025 ad
364 1960 539 2041 scientiam,
568 1959 607 2025 de
636 1962 767 2026 scientia
789 1963 828 2026 ad
850 1960 1133 2044 longanimitatem,
1158 1961 1197 2025 de

44 2065 311 2149 nlonganimitate
332 2066 369 2129 ad
385 2063 585 2142 suauitatem,
601 2064 640 2129 de
655 2063 813 2129 suauitate
828 2063 867 2127 ad
883 2065 1027 2147 spiritum
1042 2064 1195 2139 sanctum,

73 2171 107 2235 de
136 2170 252 2252 spiritu
280 2171 387 2233 sancto
417 2167 458 2232 ad
487 2166 629 2231 caritatis
659 2184 720 2231 non
751 2166 842 2231 fictae
868 2165 1009 2249 praemia
1029 2167 1195 2250 perueniri.

73 2290 141 2338 cum
171 2272 271 2355 igitur
299 2270 359 2335 hac
387 2268 555 2354 disciplina
583 2270 677 2351 atque
704 2268 764 2334 hoc
794 2270 899 2335 ordine
925 2271 961 2333 tu
982 2287 1103 2352 quoque
1124 2288 1196 2351 per·

71 2375 193 2440 ueneris
222 2373 262 2439 ad
291 2372 454 2438 scientiam
483 2371 668 2455 spiritalem,
699 2372 827 2438 habebis
857 2371 964 2455 procul
994 2372 1087 2437 dubio
1113 2372 1196 2437 sicut

72 2477 204 2543 diximus
224 2494 287 2541 non
308 2473 448 2540 sterilem
469 2492 527 2540 nec
550 2477 693 2553 inertem,
716 2476 771 2540 sed
787 2475 929 2541 uiuidum
944 2474 1195 2558 fructuosamque

45 2580 255 2658 edoctrinarn,
284 2596 448 2662 semenque
476 2578 624 2645 salutaris
654 2578 752 2652 uerbi,
783 2577 864 2660 qnod
887 2596 906 2644 a
928 2580 960 2644 te
990 2577 1085 2642 fuerit
1108 2578 1195 2644 audi-

71 2686 192 2750 entium
227 2681 372 2748 cordibus
409 2682 657 2763 conmendatum,
701 2680 893 2762 subsequens
928 2679 1057 2762 spiritns
1095 2683 1196 2746 sancti

71 2789 170 2853 imber
200 2785 401 2867 largissimus
429 2783 613 2850 fecundabit
636 2802 674 2849 ae
695 2784 865 2848 secundum
887 2783 920 2848 id
942 2783 1022 2866 quod
1044 2783 1197 2866 propheta

71 2890 231 2972 pollicitus
253 2888 302 2954 est
323 2887 489 2954 dabitur
518 2889 659 2970 pluuia
687 2886 831 2952 semini
853 2889 935 2965 tuo,
959 2886 1195 2969 ubicumque

71 2994 338 3060 seminaneris
359 2993 399 3058 in
421 2993 546 3058 terra:
570 2995 609 3058 et
630 2993 747 3076 panis
770 2992 928 3076 frugum
951 2995 1086 3057 terrae
1102 2995 1195 3058 tuae

44 3099 147 3164 uerit
166 3097 231 3162 tibi
252 3097 499 3175 uberrimus,
522 3096 561 3161 et
582 3097 754 3179 pinguis.

107 3215 211 3282 XVII.
242 3214 325 3282 caue
354 3216 450 3281 etiam
480 3234 519 3281 ne
548 3216 624 3281 haec
653 3234 732 3298 qnae
762 3235 822 3281 non
852 3217 918 3280 tam
948 3217 1079 3281 lectione
1101 3232 1195 3298 quam

70 3319 276 3402 experientiae
298 3321 410 3384 sudore
432 3317 587 3402 didiceris,
611 3336 682 3384 cum
697 3320 729 3384 te
744 3321 832 3384 aetas
848 3319 1001 3384 maturior
1016 3318 1194 3401 prouenerit

71 3423 107 3486 ad
130 3422 313 3503 docendum,
336 3439 435 3487 uanae
457 3423 574 3505 gloriae
595 3439 699 3488 amore
722 3423 869 3488 seductus
883 3421 1042 3488 inmundis
1058 3420 1194 3485 homiui·

169 3640 186 3695 2
212 3641 291 3696 Pron.
314 3642 356 3706 14,
378 3641 413 3695 33
515 3641 533 3694 3
560 3639 611 3694 air.
635 3641 678 3708 32,
699 3640 734 3694 20
836 3641 853 3695 9
879 3639 910 3694 II
927 3641 986 3694 tter.
1010 3640 1034 3704 6,
1057 3639 1125 3695 5-e

70 3727 102 3780 23
118 3727 191 3782 Beni.
209 3727 252 3793 30,
269 3727 304 3782 23

116 3931 296 4001 3reqnieecit
313 3930 414 3983 II’I‘O
431 3938 457 3986 et
479 3931 556 4002 Vulp.
652 3931 786 4000 sapientia
804 3934 833 3986 et
849 3933 960 3986 iusticie
977 3935 1002 3984 Y
1097 3935 1123 3987 et
1141 3949 1193 3988 om.

71 4015 98 4067 Π
190 4017 335 4073 4innenit
355 4019 386 4068 Π
482 4018 594 4072 scientia
614 4019 643 4070 Σ
739 4019 806 4073 aue
824 4019 996 4087 quaequam]
1016 4022 1047 4072 nt
1064 4019 1193 4089 quaedam

71 4101 106 4152 Πι
205 4103 288 4172 apos
304 4105 345 4156 Πι
362 4104 465 4159 ataid.
571 4105 650 4158 rain
668 4119 722 4172 qua
739 4103 790 4159 lle
893 4105 926 4160 16
943 4105 1082 4174 peruenire
1101 4106 1126 4158 0

72 4188 102 4241 19
117 4190 240 4244 auretam
257 4190 298 4241 11¹
392 4176 550 4245 uiuam'lIc
644 4189 777 4260 20quod]
797 4189 945 4260 quodcum
963 4193 988 4244 Y
1003 4193 1099 4246 inrue.
1117 4196 1192 4258 Μ,

72 4280 124 4329 etc
226 4275 262 4330 22
284 4275 360 4330 inber
382 4275 408 4328 0
509 4275 666 4331 fecundanti
686 4277 715 4327 Σ
817 4276 884 4345 prol.
903 4277 933 4328 Π
1032 4278 1067 4333 24
1083 4279 1193 4349 frugum

73 4364 155 4415 cusp
239 4361 521 4417 25tibieeaIIPOe
606 4361 788 4417 aexvnlo
873 4363 906 4417 27
920 4367 1073 4432 prouexerat
1085 4365 1125 4418 Πι
