3009 5200
482 401 643 456 Conlatio
664 401 847 468 111‚13-·15.
1188 399 1228 464 87

80 589 253 654 electionis
289 588 353 653 hoe
386 593 468 671 quod
497 590 630 656 dicimus
662 568 790 656 clarius¹
808 590 1023 674 praedicante:
1055 590 1231 656 deusest

80 691 183 755 eninr
220 695 295 774 qui
328 696 516 773 operatur
545 694 584 758 in
615 693 726 758 nobie
757 695 795 758 et
825 693 930 760 uelle
953 698 993 760 et
1014 693 1230 775 perficere,

80 812 144 877 pro
177 798 294 860 bona
324 796 546 862 uoluntate.
582 797 658 879 quid
687 797 794 880 potuit
822 799 959 880 apertius
990 797 1051 862 dici
1080 815 1174 878 quem
1196 797 1260 862 uti

81 900 110 960 et
145 899 277 962 bonam
311 900 507 966 uoluntatem
537 901 676 966 nostram
698 902 730 964 et
752 901 855 982 operis
890 901 1232 965 consummationema

64 1001 216 1066 edomino
244 1003 281 1067 in
300 1004 389 1068 uobis
404 1003 618 1087 pronuntiaret
641 1004 788 1086 impleri?
803 1004 835 1067 et
851 1003 980 1068 iterum:
1004 1002 1097 1085 quia
1119 1001 1232 1068 uobis

83 1107 292 1169 donatum
331 1109 390 1172 eet
422 1126 489 1190 pro
522 1106 698 1184 Christo,
738 1125 807 1172 uon
841 1108 966 1172 eolum
999 1113 1043 1172 ut
1076 1106 1115 1170 in
1149 1124 1234 1171 eum

84 1208 293 1286 modetia,
318 1212 383 1274 aed
406 1213 447 1274 ut
469 1211 587 1276 etiarn
609 1228 675 1293 pro
697 1211 773 1274 illo
796 1210 1015 1292 patiamini.
1045 1209 1095 1275 hic
1113 1228 1234 1292 quoque

84 1320 118 1376 et
142 1313 288 1376 initium
310 1313 520 1378 conuereionie
543 1331 578 1378 ac
599 1314 672 1379 fidei
691 1316 815 1378 nostrae
830 1316 862 1377 et
876 1313 1053 1393 passionum
1068 1312 1234 1376 toleranti·
1275 1382 1278 1404 Ι

86 1433 141 1479 arn
164 1415 289 1481 donari
312 1415 401 1479 nobie
422 1434 442 1479 a
462 1417 586 1482 domiuo
610 1416 790 1484 declarauit.
827 1416 908 1498 quod
924 1415 1112 1498 intellegens
1128 1414 1233 1480 Dauid

60 1537 220 1601 equoque
245 1518 397 1584 similiter
418 1524 486 1585 orat
506 1519 566 1584 eibi
588 1520 647 1586 hoo
672 1522 777 1602 ipsum
799 1519 919 1584 domini
941 1519 1137 1584 miseratione
1161 1536 1235 1584 con-

90 1623 161 1688 cedi
187 1623 319 1688 diceus:
355 1623 550 1688 confirma
580 1625 672 1689 deus
696 1623 778 1700 hoc,
803 1623 1112 1706 quodoperatus
1135 1622 1237 1686 eoin

91 1724 234 1804 nobie,
259 1725 427 1791 osteudens
450 1744 512 1792 uon
534 1726 675 1792 sufficere
698 1727 759 1792 eibi
781 1725 894 1792 salutis
916 1726 1070 1808 principia
1093 1728 1171 1791 dono
1186 1724 1236 1788 dei

93 1828 272 1912 gratiaque
308 1830 437 1908 conlata,
472 1830 532 1896 nisi
565 1829 683 1900 fuerint
716 1829 823 1894 eadem
855 1828 1056 1894 miseratione
1084 1829 1181 1911 ipsius
1205 1833 1236 1892 et

96 1932 265 1998 cotidiene
295 1931 497 2013 opitulatione
518 1932 665 2016 perfecte.
694 1951 755 2024 nou
784 1933 867 1997 enim
889 1932 1023 1998 liberum
1056 1932 1266 2010 arbitrium‚3

66 2037 151 2100 need
183 2035 368 2101 dominus
396 2037 519 2103 soluit
548 2038 804 2120 conpeditos:
833 2053 893 2100 non
916 2036 1023 2102 nostra
1046 2035 1157 2118 uirtus,
1180 2035 1236 2098 aed

99 2139 297 2204 dominus
320 2139 447 2223 erigit
469 2141 607 2206 elisee:
631 2159 692 2206 non
710 2141 855 2206 lectionis
872 2140 1039 2215 industria,
1055 2139 1108 2204 eed
1124 2140 1236 2205 domi·

101 2260 170 2306 nus
197 2242 421 2308 inluminat
443 2262 593 2322 caecos,
617 2243 697 2328 quod
725 2242 841 2308 Graece
872 2242 987 2307 dicitur
1010 2232 1117 2327 κύριος
1139 2243 1238 2327 σοφοῖ
1353 2290 1355 2293 .

103 2336 258 2432 etune,
282 2344 316 2409 id
338 2346 385 2409 eet
413 2346 556 2411 dominus
589 2348 740 2430 sapientes
774 2347 850 2410 facit
882 2363 1005 2411 ceecoe:
1039 2363 1101 2410 non
1131 2348 1239 2409 nostra

105 2448 221 2530 cautio,
246 2449 304 2512 sed
327 2449 506 2514 dominus
529 2449 708 2516 custodit
734 2453 921 2515 aduenas:
945 2467 1004 2515 non
1027 2448 1239 2513 nostraforti·

75 2554 194 2629 nendo,
218 2553 276 2616 eod
299 2551 479 2617 dominus
501 2554 661 2619 adleuat
685 2552 766 2639 (siue
788 2551 987 2636 suffulcit)
1004 2569 1151 2630 omnes,
1175 2553 1241 2636 qui

107 2655 323 2721 conruunt.
360 2655 436 2720 haec
463 2660 570 2722 autem
599 2657 741 2731 dicimur,
774 2674 836 2720 nou
864 2657 900 2721 ut
926 2656 1066 2721 studium
1100 2656 1242 2721 nostrum

107 2760 158 2823 uel
187 2757 335 2823 laborem
357 2760 449 2841 atque
472 2759 659 2825 industriam
687 2759 776 2842 quasi
802 2759 939 2824 inaniter
962 2763 995 2825 et
1016 2757 1172 2841 superfluo
1193 2759 1237 2821 iu·

109 2860 276 2943 pendenda
304 2878 482 2944 uacuemue,
512 2865 566 2927 sed
594 2866 630 2926 ut
660 2864 839 2929 uouerimue
867 2880 923 2927 noe
951 2862 1019 2928 eine
1049 2862 1164 2927 auxilio
1193 2861 1243 2926 dei

111 2983 167 3029 nec
196 2962 303 3028 adniti
331 2981 419 3046 posse
441 2983 496 3030 nec
518 2965 660 3033 efficaces
689 2970 811 3031 nostros
835 2985 900 3031 esse
922 2968 1050 3031 conatus
1073 2967 1113 3031 ad
1137 2982 1244 3048 capes·

81 3065 246 3131 secudum
269 3067 336 3132 tum
359 3068 481 3133 inmane
508 3070 682 3152 proemium
708 3068 867 3153 puritatis,
894 3068 955 3134 nisi
978 3070 1067 3134 nobis
1088 3068 1243 3135 adiutorio

111 3170 233 3236 domini
258 3188 294 3235 ae
317 3170 529 3238 misericordia
551 3172 644 3237 fucrit
660 3175 882 3238 contributum.
907 3191 1024 3254 equus
1042 3171 1124 3236 enirn
1139 3190 1244 3254 para-

112 3276 240 3339 turin
264 3274 367 3339 diem
388 3272 501 3339 belli:
532 3275 726 3340 adomino
749 3280 880 3341 eutem
902 3279 961 3341 eet
984 3276 1244 3353 adiutorium,

220 3462 235 3514 1
256 3458 328 3513 run.
347 3459 424 3527 213
527 3458 632 3515 5Phi1.
653 3462 677 3525 1,
696 3460 730 3515 29
840 3463 871 3516 11
891 3460 935 3515 rs.
953 3462 995 3528 er,
1014 3462 1048 3515 ae
1154 3459 1185 3513 15
1202 3459 1247 3511 n.

117 3546 210 3610 nne
312 3546 346 3600 rc
362 3546 381 3599 r.
400 3546 457 3599 ce
554 3546 623 3601 191.
641 3547 697 3600 ce
795 3546 891 3601 acus.
912 3546 1022 3611 144,14
1119 3544 1153 3598 re
1171 3542 1247 3598 nov.

117 3632 159 3697 21,
176 3633 208 3686 er
226 3630 321 3700 (unx)

6 3826 7 3831 ¹
168 3802 276 3870 lquod
294 3802 406 3858 onnW
482 3800 617 3855 ·2nobis
636 3800 688 3856 Xe
785 3800 1089 3869 rennuentem
1187 3800 1250 3854 ecc

6 3888 7 3891 ’
119 3894 185 3943 unic
201 3887 301 3941 bonane
319 3900 369 3941 ona
388 3886 430 3940 13¹
528 3886 775 3942 8conuereationie
793 3886 858 3942 ΟΧι
959 3890 992 3943 15
1011 3888 1123 3941 uirtutis
1140 3886 1181 3941 D*

120 3993 243 4061 ngreoe
253 3988 407 4046 neroux
491 3974 706 4059 „couniunt
730 3972 809 4045 iix
893 3992 1059 4061 reeyenyc
1075 3989 1113 4046 w
1133 3989 1252 4058 tymme

123 4079 152 4132 X
253 4091 354 4147 oroecc
370 4092 424 4131 om.
442 4076 471 4130 P
489 4077 573 4143 olom
590 4082 723 4145 corrupta
740 4083 805 4130 nect
822 4076 900 4133 iero
1001 4076 1034 4131 21
1058 4078 1189 4131 annuunt
1211 4073 1251 4127 D¹

123 4166 159 4219 Ρ·
245 4162 461 4233 iiinpeudendo
478 4162 555 4229 W(c)
647 4161 830 4217 meretrico
913 4162 1066 4217 24conatoe
1082 4162 1182 4220 WOP¹

124 4250 307 4321 cepeeceudurn
334 4247 445 4304 D¹OX¹
475 4249 569 4316 cepiec.
593 4249 622 4302 P
723 4248 758 4303 25
784 4248 920 4303 adiutoria
946 4248 989 4302 D¹
1019 4249 1134 4303 aiutorio
1162 4247 1185 4303 0

6 4368 7 4383 1
125 4338 157 4391 2⁹1
176 4338 219 4392 die
233 4336 315 4393 DOP
422 4336 464 4387 eet
481 4334 612 4388 autemO
