3009 5200
492 447 655 506 Conlatio
679 447 702 514 1,
720 447 815 504 8-10.
1176 449 1217 514 17

81 639 193 716 ralis,
226 637 386 722 inquiens,
418 637 665 703 exercitatio
696 637 741 703 ad
771 637 965 703 modicum
993 635 1114 704 utilis
1136 637 1215 703 este

81 743 207 823 pietas
224 746 357 808 antem
375 746 469 825 (qnae
484 743 551 807 eine
564 740 658 808 dubio
671 742 786 806 caritas
798 739 1007 826 intellegitur)
1022 740 1069 807 ad
1085 739 1217 807 omniu

81 843 195 908 utilis
233 847 314 926 est,
347 843 652 926 promissionem
681 843 827 909 habens
857 844 968 910 uitae
989 862 1089 926 qnae
1113 862 1218 909 nnnc

83 947 140 1012 est
161 949 203 1012 et
227 950 408 1014 futurae.
447 965 524 1029 qnae
558 964 629 1030 ergo
652 945 769 1011 dicitnr
790 948 829 1012 ad
850 947 1007 1012 modicum
1029 965 1097 1013 esse
1119 947 1216 1021 utilis,

64 1051 249 1117 smemfosre
285 1052 508 1135 pronuntiatur
541 1067 598 1116 noc
630 1067 803 1133 peremne
835 1053 960 1132 tempus
996 1051 1129 1116 exemeri
1160 1068 1218 1116 nec

82 1173 238 1219 summam
271 1154 473 1238 perfectionis
500 1173 554 1236 per
583 1172 617 1220 se
643 1151 744 1218 solam
773 1152 928 1218 laboranti
957 1171 1045 1238 posse
1067 1152 1217 1220 conterre.

82 1257 239 1322 modicum
273 1259 389 1341 quippe
419 1261 458 1324 ad
487 1259 655 1339 utrumque
684 1257 794 1322 referri
823 1260 937 1340 potest,
966 1256 1000 1323 id
1029 1259 1075 1322 est
1102 1258 1154 1322 uel
1176 1257 1247 1322 ad3

82 1362 273 1426 breuitatem
303 1359 461 1444 temporis,
490 1363 571 1442 quod
600 1360 722 1426 scilicet
748 1359 868 1425 homini
897 1360 964 1426 tam
995 1360 1029 1424 in
1059 1361 1216 1442 praesenti

83 1482 171 1546 quam
197 1464 236 1528 in
259 1463 368 1530 futuro
391 1461 568 1529 exercitatio
590 1463 758 1547 corporalis
774 1467 936 1530 coaeterna
950 1481 1016 1530 sese
1031 1482 1091 1530 non
1107 1463 1216 1546 possit,

57 1568 131 1633 snei
152 1570 245 1632 certe
261 1567 301 1632 ad
325 1567 515 1650 paruitatem
542 1566 692 1632 utilitatis
716 1565 845 1648 quaeda
863 1567 982 1634 carnali
998 1567 1217 1634 exercitatione

84 1670 290 1754 conquiritur,
321 1687 355 1734 eo
383 1670 467 1752 quod
494 1669 631 1736 adflictio
661 1669 829 1752 corporalis
857 1669 949 1736 initia
972 1669 1123 1753 quaedam
1145 1688 1217 1753 pro·

84 1776 192 1850 iectus,
218 1793 285 1840 non
307 1773 408 1856 ipsam
430 1772 653 1856 perfectionem
676 1772 781 1854 pariat
796 1771 947 1853 canatis,
963 1792 1041 1856 quae
1056 1773 1217 1856 promissi·

84 1898 171 1943 onem
209 1878 307 1944 habet
335 1877 420 1942 uitae
449 1876 619 1958 praesentis
649 1876 682 1941 et
709 1877 843 1942 futurae.
881 1877 913 1941 et
937 1875 1049 1941 idcirco
1072 1876 1218 1941 exercitia

85 2001 211 2064 operum
240 1980 475 2062 praedictorum
497 1977 669 2044 necessaria
694 1997 762 2044 esse
780 1997 954 2058 censemus,
970 1980 1044 2061 quia
1058 1979 1125 2043 sine
1140 1977 1217 2062 ipsis

58 2110 76 2146 a
86 2084 118 2148 ad
141 2082 296 2148 caritatis
318 2081 444 2166 fastigia
458 2100 519 2147 nou
535 2083 634 2165 possit
657 2082 793 2148 ascendi.
817 2081 894 2146 haec
909 2081 1004 2147 etiam
1020 2099 1097 2164 qnae
1113 2077 1249 2146 dicitis4

85 2205 175 2268 opera
197 2185 334 2268 pietatis
357 2203 394 2250 ac
416 2183 642 2251 misericordiae
666 2185 838 2250 necessaria
860 2185 980 2249 suntin
995 2184 1218 2268 hoctempore,

86 2295 155 2356 dnm
188 2289 297 2354 adhuc
329 2287 500 2370 inaequalis
530 2287 695 2354 diuersitas
726 2287 921 2354 dominatur:
951 2304 1082 2368 quorum
1103 2305 1143 2350 ne
1165 2286 1218 2352 hic

87 2392 211 2474 quidem
236 2391 454 2474 expectaretur
476 2391 622 2473 operatio,
638 2389 700 2454 nisi
715 2390 854 2473 inopum,
870 2387 1066 2474 indigentum
1081 2389 1219 2455 infirmo·

87 2513 215 2577 mmque
231 2511 307 2576 pars
322 2492 459 2558 maxima
473 2493 667 2572 redundaret,
684 2510 762 2576 qnae
776 2490 942 2576 iniquitate
959 2491 1117 2556 hominum
1135 2494 1219 2558 facta

60 2602 139 2673 seat
161 2616 276 2662 eorum
299 2595 432 2674 scilicet,
455 2595 508 2678 qui
531 2614 667 2678 eaquae
694 2595 837 2661 omnibus
860 2614 879 2660 a
900 2596 1056 2661 communi
1079 2600 1218 2662 creatore

89 2718 235 2765 concessa
258 2704 334 2764 eunt
357 2698 390 2764 in
413 2717 485 2764 snos
508 2696 633 2764 tantum
661 2703 810 2781 occupata
822 2716 897 2763 usus
912 2717 968 2763 nee
982 2702 1088 2763 tannen
1102 2698 1220 2765 utenda

89 2804 271 2869 rennerunt.
311 2801 406 2867 donec
421 2819 493 2887 ergo
516 2801 549 2867 iu
572 2802 765 2867 hosmundo
792 2800 1002 2883 inaequalitas
1018 2800 1080 2867 ista
1093 2798 1250 2885 grassa-5

89 2912 146 2981 tur,
176 2907 240 2971 erit
269 2904 347 2971 haee
374 2904 457 2971 actio
486 2904 657 2969 necessaria
685 2908 716 2967 et
746 2903 836 2969 utilis
863 2905 1027 2984 exercenti,
1050 2904 1219 2971 rest'tuens

90 3008 213 3089 quidem
245 3010 325 3073 bono
354 3006 480 3073 affectui
511 3010 542 3071 et
563 3008 633 3089 piae
656 3006 815 3072 uoluntati
836 3006 1074 3072 retributionem
1096 3008 1219 3073 heredi-

62 3114 163 3177 etatis
186 3112 351 3175 aeternae:
383 3112 450 3194 ipsa
472 3128 545 3175 uero
567 3111 602 3174 in
624 3109 729 3175 futuro
752 3110 874 3175 saeculo
896 3110 1054 3193 parilitate
1068 3114 1220 3195 regnante

92 3213 238 3291 cessabit¹
264 3232 335 3277 cnm
356 3212 420 3277 iam
442 3231 504 3277 non
526 3212 622 3277 fuerit
650 3212 857 3295 inaequalitas
879 3216 1119 3295 propterquam
1143 3214 1220 3279 haec

93 3316 230 3381 debeant
253 3314 401 3393 exerceri,
430 3314 485 3379 sed
507 3315 611 3379 cuncti
635 3317 673 3380 ab
695 3314 753 3380 hac
775 3303 1010 3396 multiplici'id
1032 3317 1081 3380 est
1102 3316 1220 3382 actuali

92 3421 273 3502 operatione
295 3418 334 3483 ad
357 3418 517 3483 caritatem
540 3417 591 3483 dei
614 3419 646 3483 et
667 3418 843 3484 diuinarum
865 3436 969 3485 rerum
985 3419 1220 3500 contemplatio-

92 3542 163 3587 nem
192 3523 348 3604 perpetua
378 3518 479 3586 cordis
508 3520 647 3603 puritate
677 3522 865 3587 transibunt.
904 3520 955 3586 cui
985 3539 1019 3585 se
1041 3520 1084 3599 hi,
1108 3521 1220 3603 quibus

63 3643 167 3691 ecura
197 3626 249 3690 est
277 3625 330 3688 nel
358 3624 506 3691 scientiae
528 3624 581 3689 uel
603 3626 817 3691 emundationi
843 3623 958 3689 mentis
980 3624 1133 3702 insistere,
1155 3624 1221 3690 iam

94 3730 124 3793 in
152 3729 214 3793 hoo
244 3725 369 3792 saeculo
399 3727 564 3792 constituti
595 3728 757 3811 elegemnt
785 3726 871 3793 omni
902 3730 1016 3793 conatu
1038 3744 1076 3791 ao
1098 3726 1221 3792 uiribus

96 3832 286 3915 mancipare,
319 3830 367 3895 illi
401 3830 521 3896 seilicet
554 3833 655 3897 semet
688 3831 773 3914 ipsos
802 3831 904 3897 officio
936 3831 1037 3896 adhuc
1066 3832 1100 3896 in
1130 3847 1222 3895 carne

144 4085 263 4139 3ntiles
286 4086 333 4141 W¹
424 4084 601 4139 dmeneieste
617 4084 657 4139 D¹
751 4086 784 4139 12
800 4087 859 4156 ipsa
881 4084 920 4140 W
1008 4088 1041 4141 17
1059 4103 1106 4141 neo
1124 4088 1156 4141 X

94 4172 125 4225 21
149 4176 290 4225 dooncesea
311 4170 340 4224 D
444 4168 478 4223 22
501 4175 634 4225 crassatur
655 4172 694 4227 W
795 4170 980 4227 24201121)ι
1083 4174 1117 4229 25
1134 4176 1223 4229 seculo

96 4292 123 4345 D
222 4292 256 4346 al
275 4264 373 4347 debent
391 4292 423 4347 D
515 4291 666 4361 multiplice
684 4291 724 4347 D¹
828 4292 863 4346 30
879 4292 994 4347 scientia
1009 4293 1040 4347 D
1136 4284 1226 4348 emen·

96 4378 200 4432 datione
219 4378 249 4432 D
278 4376 461 4433 emendationi
482 4378 519 4433 W
622 4377 655 4432 32
673 4378 720 4431 ille
737 4377 779 4432 1)ι

142 4479 221 4536 xm.
256 4498 316 4543 cm.
330 4502 351 4543 s.
1105 4483 1122 4535 2
