3009 5200
281 469 344 535 646
669 466 833 520 Iohannis
849 467 1009 520 Cassiani

283 678 372 743 posse
402 661 604 742 pronuntians
634 660 724 740 quia
745 678 819 722 uon
839 659 916 736 est,
937 657 1050 740 inquit,
1076 661 1210 723 iustus
1231 659 1345 723 nomo
1366 660 1407 724 in

252 767 405 833 dterra.
429 763 496 844 qui
517 763 642 827 faciat
664 760 823 838 bouum,
844 765 882 824 et
903 777 978 824 non
999 763 1193 842 peccabit.
1230 761 1301 843 quis
1321 763 1407 827 enim

284 885 430 949 umquam
446 867 590 947 quamuis
605 867 791 947 praecipuus
804 865 945 928 omnium
955 863 1111 928 iustorum
1122 876 1216 946 atque
1226 868 1409 930 motorum

282 969 375 1033 huius
407 970 543 1052 corporis
572 969 708 1034 uinculis
738 967 913 1051 conligatus
941 987 1102 1032 summum
1129 968 1190 1033 hoc
1217 968 1338 1033 bouum
1358 969 1410 1034 ita

282 1073 435 1156 possidere
463 1071 601 1154 potuisse
634 1071 807 1138 credendus
828 1077 886 1150 est,
914 1075 951 1134 ut
971 1089 1142 1153 numquam
1164 1091 1184 1136 a
1205 1072 1311 1136 diuina
1331 1091 1409 1137 con·
1432 1097 1446 1136 s

282 1175 485 1256 temptatione
516 1174 676 1240 discedens
709 1192 747 1238 ue
779 1193 875 1255 paruo
906 1171 1033 1255 quidem
1061 1177 1203 1256 tempore
1233 1174 1274 1238 ab
1297 1193 1334 1240 eo
1351 1175 1410 1256 qui

282 1279 366 1342 solus
389 1279 488 1342 bonus
510 1283 557 1342 est
580 1277 711 1341 terrenis
727 1277 970 1359 cogitationibus
985 1279 1114 1359 putetur
1127 1277 1330 1342 abstractus?
1352 1280 1410 1360 qui

282 1399 431 1465 umquam
454 1380 574 1446 unllam
597 1380 670 1462 cibi,
698 1381 820 1445 nullam
843 1381 1018 1445 indumenti
1039 1381 1212 1446 alimumue
1232 1382 1408 1446 camalinm

282 1503 384 1549 rerum
415 1483 547 1570 gesserit
575 1503 691 1559 curam,
721 1503 893 1566 numquam
918 1486 958 1549 dc
982 1483 1117 1548 fratrum
1139 1485 1344 1566 susceptione,
1366 1485 1407 1548 de

281 1589 342 1653 loci
366 1588 604 1666 conmutatiouq
628 1585 665 1652 de
687 1587 820 1652 cellulae
847 1586 1041 1653 extractione
1062 1587 1215 1652 sollicitus
1236 1596 1294 1651 aut
1313 1606 1407 1671 opem
1416 1615 1446 1654 no

282 1691 419 1774 aliquam
440 1690 569 1756 humani
591 1691 785 1774 concupierit
805 1691 980 1756 adiumenti
1009 1695 1065 1754 aut
1093 1691 1215 1774 inopiae
1235 1690 1408 1757 sterilitate

282 1800 411 1858 uenatus
443 1795 530 1858 illam
558 1795 743 1860 sententiam
774 1794 949 1859 dominicae
978 1793 1196 1878 increpationis
1225 1795 1407 1860 incurrerit:

283 1915 329 1960 ue
350 1898 526 1962 solliciti
547 1899 640 1964 sitis
663 1899 820 1963 animae
842 1900 1002 1962 uestrae
1023 1897 1116 1979 qnid
1137 1899 1407 1975 manducetis,

252 2007 404 2082 4neque
427 2004 580 2084 corpori
602 2005 737 2066 uestro
767 2001 863 2083 quid
891 2001 1133 2066 induamini?
1161 2003 1295 2083 deniqne
1316 2003 1408 2067 illum

282 2105 386 2185 ipsum
418 2101 592 2188 apostolum
625 2103 770 2181 Paulum,
804 2106 858 2187 qui
886 2106 1029 2169 omnium
1058 2109 1238 2169 sanctornm
1264 2103 1446 2174 laboremus

283 2207 461 2290 passionum
485 2208 709 2272 numerositate
730 2207 970 2284 transcenderat,
996 2226 1190 2290 nequaqnam
1212 2207 1271 2271 hoo
1285 2208 1407 2288 inplere

282 2309 419 2392 potuisse
446 2309 634 2376 confidenter
665 2311 866 2393 adstruimus,
892 2311 961 2393 ipso
982 2314 1016 2375 iu
1038 2309 1172 2376 Actibus
1192 2310 1407 2391 apostolorum

282 2415 440 2495 discipulis
468 2413 659 2478 adtestante:
694 2413 773 2496 ipsi
799 2413 919 2479 scitia
947 2414 1129 2496 quoniam
1160 2414 1206 2478 ad
1233 2433 1407 2496 eaquae

281 2515 377 2580 mihi
406 2535 502 2600 opus
525 2521 639 2582 eraut
668 2517 706 2582 et
732 2517 796 2582 luia
826 2519 892 2601 qui
921 2537 1068 2582 mecum
1089 2521 1180 2581 suut
1201 2518 1406 2583 ministra·

282 2624 427 2687 nerunt
449 2640 584 2687 manus
607 2620 724 2703 istae,
748 2622 800 2686 uel
821 2640 893 2686 cnm
922 2621 1246 2687 Thessalonicensibus
1267 2622 1446 2688 munem»

282 2724 321 2787 iu
350 2724 487 2791 laboro
515 2727 554 2790 et
582 2724 831 2809 fatigatione
858 2728 974 2791 nocte
995 2728 1035 2790 et
1062 2725 1124 2789 dis
1144 2728 1348 2807 operatum
1371 2744 1403 2789 ae

282 2826 379 2892 luisse
401 2830 547 2893 testatur.
585 2830 697 2911 quibua
712 2827 788 2893 licet
802 2848 916 2912 magua
934 2830 1036 2895 eidem
1051 2829 1233 2893 meritorum
1248 2826 1406 2912 stipendia

281 2938 473 3014 pararentur,
506 2937 610 2997 tamen
638 2952 725 2997 mens
752 2932 820 2998 eiua
847 2934 991 3016 quamuis
1012 2936 1122 2999 sancta
1143 2938 1238 3014 atque
1257 2930 1403 2995 sublimis

281 3052 343 3097 uon
377 3037 498 3116 poterat
529 3054 589 3100 uon
618 3034 658 3099 ab
686 3034 744 3100 illa
776 3036 901 3101 caelesti
933 3037 1053 3101 theoria
1084 3036 1255 3100 intentione
1288 3034 1405 3099 terrent

252 3138 382 3218 5operis
412 3138 579 3221 aliquando
609 3136 730 3203 diuelli.
767 3139 899 3221 denique
928 3158 999 3204 curn
1028 3158 1061 3202 ao
1093 3138 1193 3203 tantis
1224 3135 1444 3202 actualibusas

282 3242 376 3305 ditari
398 3238 552 3307 fructibus
575 3245 715 3306 cerneret
738 3244 772 3306 et
793 3262 811 3305 e
832 3243 988 3306 contrario
1015 3241 1152 3306 theoriae
1172 3239 1291 3305 bonum
1314 3241 1405 3305 corde

282 3344 425 3427 pensaret
448 3362 484 3409 ao
505 3344 595 3409 uelut
615 3344 649 3409 in
671 3362 734 3409 una
755 3344 843 3409 lance
866 3347 1028 3410 tantorum
1056 3342 1197 3411 laborum
1217 3342 1405 3426 protectum,

386 3585 398 3637 l
417 3582 516 3639 Eccloa.
535 3583 558 3649 7,
575 3584 610 3639 21
629 3582 725 3651 (Lxx)
822 3584 855 3639 13
871 3582 922 3637 nrt
939 3584 964 3650 6,
982 3584 1016 3637 25
1112 3582 1144 3640 18
1160 3583 1221 3636 aa
1238 3580 1281 3645 20,
1300 3580 1336 3635 34

280 3667 312 3723 21
331 3668 361 3723 ΙΙ
379 3668 468 3723 Thoas.
487 3668 512 3735 3,
530 3671 547 3724 8

332 3892 346 3945 l
364 3890 523 3960 pronuntiat
538 3888 608 3945 ΡΖ
689 3888 786 3959 inquid
803 3888 899 3945 BFOz
922 3889 1009 3959 orat
1093 3890 1173 3947 homo
1187 3890 1278 3947 iustae
1291 3888 1339 3957 plo.

279 3974 437 4045 2peceablt
461 3976 496 4031 O:
524 3978 648 4047 peccauit
665 3976 728 4047 F¹d
756 3976 904 4047 poccatF’
932 3976 1067 4046 peceetB
1168 3976 1333 4045 tamquam
1349 3988 1403 4027 oea.

279 4060 337 4115 BF
352 4064 420 4129 (ooo
440 4060 471 4129 O)
574 4064 592 4119 8
616 4079 742 4131 umquam
766 4063 869 4117 nullam
891 4064 1005 4133 (nullam
1027 4078 1152 4135 umquam
1171 4060 1203 4127 0)
1228 4060 1281 4116 cibi
1299 4058 1406 4129 nullent

279 4146 372 4203 BFO:
399 4162 544 4219 numquam
557 4148 639 4203 ullam
653 4149 707 4205 cibi
719 4149 805 4205 ullam
820 4150 861 4220 βυ
940 4147 985 4220 ,10
1002 4151 1150 4205 sanctione
1166 4145 1206 4217 βυ
1303 4146 1334 4199 ll
1352 4143 1406 4197 hu·

279 4246 386 4292 manam
404 4232 430 4287 Β
524 4236 614 4303 iuopia
631 4234 659 4289 Β
753 4236 902 4292 sterelitate
921 4234 1079 4293 B¹FOK¹Z
1173 4232 1207 4287 14
1222 4230 1292 4300 quod
1313 4230 1335 4286 0
1375 4280 1378 4283 ,

279 4316 368 4387 ipsum
386 4316 466 4375 illum
480 4318 520 4389 'do
610 4322 641 4375 ll
659 4323 728 4377 actia
746 4324 784 4377 B¹
870 4324 905 4378 20
921 4322 1059 4378 teaalonic.
1076 4320 1105 4375 Β
1132 4318 1289 4375 thessalonic.
1308 4316 1339 4371 F
1371 4313 1375 4326 '

279 4404 314 4459 21
337 4420 368 4459 ac
385 4405 428 4459 die
453 4406 511 4460 BF
609 4408 645 4462 25
661 4424 691 4463 ac
708 4408 810 4464 talibus
828 4407 930 4466 BFOv
