3009 5200
260 434 325 500 602
650 430 818 486 Iohannis
835 428 994 484 Cassiani

258 622 404 688 omilim
424 621 601 697 debeamus,
622 618 685 684 nisi
704 622 762 683 aut
783 620 905 682 nosmet
927 618 1019 699 ipsos,
1041 614 1075 681 id
1097 618 1144 680 est
1167 618 1382 699 occupationes

258 730 382 791 nostm
410 730 442 789 et
469 724 611 789 adicem
637 738 789 804 cumque
818 721 978 795 mortales,
1007 720 1075 784 sinc
1097 718 1211 803 quibus
1231 737 1298 784 esse
1321 736 1384 785 non

259 848 433 911 possumus,
462 828 517 892 aut
545 826 760 909 suggestiones
787 824 1012 891 subtilissimas
1040 823 1170 901 inimici,
1193 842 1269 905 quas
1291 825 1382 889 uobis

259 932 361 997 adbuc
382 927 614 1012 quiescentibus
629 946 668 993 ac
680 946 789 1011 sopore
811 928 960 993 demersis
975 945 1030 1010 per
1045 926 1226 1010 phantasias
1240 929 1383 993 inanium

260 1036 450 1100 somniorum
465 1032 581 1097 inferre
594 1034 734 1111 conatur,
749 1032 863 1113 quibus
878 1047 934 1094 uos
948 1047 1019 1095 mor
1034 1030 1237 1112 suigilaturos
1251 1036 1385 1113 occupet
1408 1054 1421 1092 s

259 1144 291 1203 et
312 1137 464 1213 inuoluat,
487 1140 523 1199 ut
543 1134 757 1217 primitiarum
779 1138 956 1199 nostrarum
973 1134 1077 1215 opima
1092 1134 1247 1201 deflorans
1262 1134 1384 1217 primns

230 1242 330 1322 bipac
365 1241 520 1321 decerpat.
564 1236 767 1319 quamobrem
799 1237 883 1302 omni
916 1236 1005 1301 uobis
1038 1238 1180 1301 motione
1212 1238 1384 1303 curandum

260 1345 320 1419 est,
343 1342 371 1406 si
392 1344 499 1406 tarum
520 1342 586 1407 uim
609 1340 761 1423 praedicti
776 1339 923 1405 uersiculi
939 1358 1029 1424 opere
1043 1340 1188 1406 uolumus
1202 1341 1383 1424 adinplere,

259 1450 296 1509 ut
310 1446 358 1509 ita
370 1445 488 1527 primos
502 1446 729 1510 matutinarum
744 1445 969 1527 cogitationum
990 1446 1077 1508 ortus
1091 1443 1201 1509 sollers
1217 1444 1385 1528 uigilantia

259 1548 394 1625 tueatur,
417 1566 456 1612 ne
478 1549 552 1631 quid
575 1567 612 1613 ex
632 1549 679 1613 eis
703 1548 821 1613 festina
842 1549 1054 1630 praesumptio
1069 1548 1419 1613 liuentisadtsmiuetrc

259 1651 382 1715 inimici
409 1654 592 1732 nostrasque
621 1652 778 1732 primitias
805 1651 967 1733 tamquam
995 1651 1074 1717 uiles
1095 1652 1159 1716 iam
1182 1654 1275 1733 atque
1296 1670 1384 1717 com·

259 1774 373 1820 munes
394 1773 415 1820 a
435 1755 559 1819 domiuo
587 1754 683 1821 iaciat
712 1754 883 1836 reprobari.
918 1755 973 1837 qui
998 1755 1025 1819 si
1049 1758 1234 1837 praeuentus
1255 1773 1275 1817 a
1295 1755 1384 1820 uobis

258 1858 406 1943 peruigili
440 1858 556 1923 mentis
592 1858 872 1940 circumspectione
907 1876 965 1923 nou
1005 1857 1111 1941 fuerit,
1149 1857 1385 1940 anticipationis

259 1961 468 2043 nequissimae
487 1961 743 2026 cousuetudinem
763 1979 823 2025 nen
847 1962 1003 2042 deponens
1019 1961 1202 2026 cotidianos
1217 1960 1383 2027 iraudibus

228 2065 325 2131 oanis
347 2064 528 2147 praeuenire
550 2083 612 2128 uon
633 2065 765 2130 desinet.
804 2070 835 2127 et
858 2065 972 2129 idcirco
987 2065 1014 2129 si
1036 2065 1168 2145 placitas
1191 2066 1418 2147 staceepta·1s

258 2166 337 2233 biles
357 2168 415 2232 deo
437 2169 593 2249 primitias
615 2188 653 2233 ex
666 2168 821 2233 fructibus
835 2168 949 2232 mentis
964 2171 1087 2233 uestrae
1104 2170 1247 2249 optamus
1263 2168 1381 2250 offerre,

257 2288 320 2335 nou
345 2271 532 2336 mediocrem
560 2272 805 2337 sollicitudinem
835 2271 983 2337 debemus
1015 2272 1193 2353 inpendere,
1217 2276 1253 2335 ut
1274 2288 1381 2337 omues

258 2375 359 2439 nostri
390 2376 525 2457 corporis
557 2393 667 2440 seusus
704 2374 870 2440 matutinis
903 2374 1067 2457 praecipue
1106 2374 1189 2439 horis
1219 2379 1380 2456 tamquam

260 2482 456 2542 sacrosancta
468 2478 587 2544 domini
601 2478 781 2543 holocauste
794 2478 827 2543 iu
843 2479 985 2543 omnibus
999 2480 1130 2543 inlibata
1147 2480 1240 2561 atque
1261 2478 1382 2542 int-acta

257 2598 428 2647 seruemus.
466 2583 548 2666 quod
580 2582 752 2648 deuotionis
786 2600 885 2666 genus
916 2582 1012 2647 multi
1044 2582 1140 2647 ctiam
1174 2580 1416 2650 saeculariumao

256 2702 380 2749 summa
414 2685 561 2750 cautione
594 2686 785 2763 custodiunt,
823 2686 877 2768 qui
913 2690 986 2750 aute
1023 2685 1126 2750 lucem
1158 2685 1210 2749 uel
1243 2683 1381 2750 diluculo

257 2790 478 2871 consurgentes
512 2807 708 2870 nequaquam
741 2789 953 2854 familiaribus
987 2807 1023 2854 ae
1057 2788 1238 2854 uccemariis
1271 2789 1379 2854 mundi

256 2888 350 2956 buius
364 2891 489 2957 actibus
502 2893 704 2974 inplicantur,
719 2896 904 2976 priusquam
919 2898 1100 2959 cunctorum
1115 2897 1241 2958 actuum
1255 2910 1377 2958 suorum

257 2994 531 3077 operationumque
563 2996 721 3078 primitias
752 2997 792 3062 ad
827 2995 990 3062 ecclesiam
1027 3000 1243 3062 concurrentes
1274 2995 1379 3060 diuino

257 3095 405 3162 studeant
426 3115 547 3163 sacrare
568 3101 756 3181 conspectui.
1386 3123 1413 3164 as

298 3215 431 3281 XXVII.
459 3217 555 3282 Porro
588 3219 670 3301 qued
699 3219 805 3285 dicitis
832 3219 954 3285 diuerso
985 3238 1080 3298 more,
1109 3219 1142 3284 id
1169 3223 1216 3284 est
1244 3237 1298 3284 ser
1327 3217 1378 3282 uel

256 3323 376 3401 septem
397 3321 619 3388 ebdomadibus
638 3341 691 3405 per
706 3323 871 3389 nonnullas
888 3323 1065 3406 prouincias
1081 3321 1377 3406 Quadragensimam

256 3423 415 3502 celebrari,
432 3444 494 3489 uua
508 3426 589 3490 ratio
600 3425 744 3508 idemque
759 3426 944 3493 ieiuniorum
955 3429 1065 3492 modus
1089 3427 1213 3490 diuersa
1235 3425 1379 3490 ebdoma-

258 3524 369 3591 darum
390 3526 605 3592 obseruatione
627 3528 833 3594 concluditur.
874 3528 907 3593 bi
937 3531 1019 3594 euim
1052 3548 1105 3594 ser
1138 3527 1379 3595 ebdomadarum

307 3766 324 3819 2
349 3765 470 3820 adlectus
495 3765 539 3820 K:
573 3767 619 3820 all.
643 3767 704 3822 rell.
827 3769 845 3822 4
870 3769 1003 3822 fantasias
1029 3767 1108 3823 codd.
1228 3767 1379 3820 monimum

255 3851 297 3904 Κι
395 3853 414 3905 5
439 3851 546 3921 quibus]
574 3854 621 3921 qui
647 3853 706 3908 BF
812 3855 830 3908 6
857 3856 896 3924 ut]
925 3859 953 3908 et
977 3854 1036 3909 BF
1141 3853 1324 3908 lcauendum
1350 3850 1380 3903 B

254 3937 285 3991 F
383 3938 401 3992 9
426 3938 510 3991 aolera
535 3937 577 3992 Κ·
679 3939 712 3993 10
737 3941 846 3995 libentia
873 3939 966 3996 BOK¹
1072 3941 1103 3994 11
1131 3939 1216 4008 adque
1242 3933 1310 3992 ΓΚ]

255 4023 289 4078 13
314 4023 580 4093 circuminspectione
608 4025 632 4080 O
660 4027 923 4094 circumspectatioue
950 4027 1016 4080 KZ*
1128 4027 1161 4079 14
1186 4024 1378 4093 neqmssimam

254 4106 272 4175 β
373 4109 484 4164 cottidie
508 4110 527 4178 β
637 4112 671 4167 15
695 4111 799 4165 desiuit
828 4113 852 4167 0
962 4111 1096 4180 adceptab.
1123 4111 1161 4165 F*
1274 4109 1306 4163 19
1332 4108 1376 4161 dei

255 4193 313 4248 BF
419 4195 505 4263 adque
530 4195 571 4249 11¹
691 4197 725 4250 21
751 4195 874 4250 deluculc
900 4197 969 4252 K¹Z
1086 4198 1120 4251 24
1147 4197 1255 4250 ecclesia
1283 4194 1311 4248 Β

254 4279 287 4332 ti
310 4281 442 4333 ebdomat.
465 4280 484 4348 β
585 4281 805 4351 quadragesimae
828 4282 866 4336 B¹
897 4281 1100 4352 quadragesima
1123 4279 1178 4336 FO
1279 4279 1313 4333 ‘ab
1337 4277 1379 4332 hii

254 4364 403 4420 BFOKZ¹
1125 4359 1130 4371 '
