3009 5200
275 398 340 477 498
670 408 833 461 Iobauuia
850 408 1008 462 Cassiani

276 600 392 665 bonnm
408 598 646 681 tranquillitatis
661 598 748 663 itlius
763 598 973 681 perfectioque
982 600 1170 663 maculetur.
1191 598 1407 680 slmiliterque

277 704 442 767 iurandum
472 706 521 767 eet
550 720 605 783 pro
635 701 838 767 castimoniae
866 704 1005 784 puritate
1033 721 1091 767 nec
1111 704 1198 768 aliud
1219 721 1276 767 nos
1298 700 1400 765 lacem

276 810 398 887 oportet
430 824 486 888 pro
518 805 588 884 tide,
619 823 676 888 pro
705 804 878 870 sobrietate
906 808 1001 888 atque
1027 806 1163 887 instib'a,
1193 824 1271 889 quae
1294 805 1400 869 omnia

278 909 493 975 indemutabili
515 908 747 991 perseuerantia
768 911 844 973 sunt
868 908 1001 974 tenenda
1021 911 1054 973 et
1067 929 1088 973 a
1101 910 1215 991 quibua
1234 907 1398 990 paululum

244 1012 435 1077 dreosfflsse
457 1012 636 1077 damnabile
662 1016 720 1077 est.
757 1011 796 1076 de
817 1011 884 1076 illis
904 1029 979 1076 uero
999 1012 1213 1095 corporalibus
1232 1010 1398 1086 exerdtiis,
1420 1042 1437 1081 ⁵

275 1132 353 1196 quae
381 1116 420 1179 ad
448 1114 606 1179 modicum
633 1119 704 1179 csse
731 1115 878 1179 dicuntur
906 1114 1006 1195 utilia,
1039 1116 1087 1179 its
1118 1116 1168 1179 est
1194 1117 1231 1179 ut
1262 1113 1399 1179 diximus

274 1217 485 1295 statuendum,
515 1218 551 1281 ut
580 1217 608 1281 si
636 1234 700 1299 qua
731 1218 948 1300 superuenerit
978 1218 1092 1283 certior
1123 1218 1252 1299 pietatis
1275 1217 1398 1283 ocoesio

272 1338 352 1404 quae
373 1320 429 1387 illa
450 1320 578 1386 suadeat
599 1320 741 1401 relaxari,
764 1320 853 1384 nulla
873 1339 966 1401 super
986 1320 1037 1385 bis
1059 1322 1128 1403 lege
1150 1323 1320 1401 teneamur,
1342 1320 1397 1384 sed

271 1422 497 1505 praetermissis
520 1421 566 1487 eis
589 1425 627 1487 ad
649 1422 778 1489 utiliora
798 1423 896 1488 libere
926 1424 1131 1487 transeamus.
1169 1424 1204 1487 in
1225 1424 1290 1488 illis
1310 1425 1396 1487 euim

273 1524 485 1608 corporalibus
507 1524 672 1603 exercitiis,
695 1527 722 1590 si
744 1543 800 1609 pro
821 1526 964 1607 tompore
978 1526 1205 1609 relinquantur,
1220 1528 1395 1608 periculum
1406 1562 1434 1601 n

272 1647 332 1695 nou
362 1634 427 1695 est:
460 1629 499 1693 ab
529 1627 578 1693 bis
608 1646 682 1693 nero
703 1628 756 1694 uel
784 1627 825 1692 ad
853 1629 1049 1694 momentum
1081 1628 1254 1695 declinasse
1281 1632 1395 1695 morti-

270 1732 372 1797 ferum
395 1732 452 1797 est
1267 1804 1272 1813 ,

313 1834 480 1901 XXVIIII.
504 1836 572 1899 Hoc
593 1851 715 1916 quoque
735 1835 834 1899 simili
861 1834 1003 1900 mutiens
1023 1835 1194 1901 curandum
1216 1838 1343 1915 estut,
1366 1833 1395 1899 si

271 1940 324 2022 qni
361 1938 492 2003 forsitan
528 1954 629 2002 sermo
665 1955 759 2018 quem
791 1956 859 2002 esse
892 1937 992 2001 uultis
1025 1938 1184 2003 occultum
1217 1940 1256 2003 de
1288 1938 1395 2002 uestro

268 2042 365 2107 luerit
398 2060 449 2107 ore
480 2042 652 2123 prolapsus,
685 2040 773 2105 nulla
794 2040 1010 2105 occultationis
1031 2046 1194 2123 praecepta
1223 2040 1435 2114 sollicitentss

269 2144 462 2210 audientem:
486 2144 587 2227 magis
609 2144 694 2207 enim
712 2143 825 2209 latebit
839 2144 867 2207 si
881 2144 1083 2227 neglegenter
1097 2146 1191 2227 atque
1205 2143 1393 2228 simpliciter

268 2250 456 2325 transeatur,
480 2249 629 2331 quianon
644 2250 732 2313 tanta
747 2247 879 2330 quilibet
907 2246 1041 2313 fratrum
1063 2266 1155 2329 super
1176 2246 1392 2331 diuulgatioue

268 2352 334 2417 eius
364 2350 588 2435 inpugnatIoue
616 2348 823 2432 torquebitur,
856 2352 1025 2415 aestimans
1057 2370 1122 2417 rem
1156 2351 1254 2417 uilem
1287 2352 1392 2434 aliqua

266 2452 449 2519 transitoria
478 2451 728 2518 contabulatione
758 2452 912 2534 prolatam
943 2458 974 2517 et
1002 2472 1081 2535 quae
1110 2474 1147 2519 er
1176 2454 1235 2520 boc
1259 2455 1328 2536 ipso
1349 2457 1391 2521 sit

267 2557 375 2640 leuior,
406 2556 479 2640 quia
508 2554 687 2622 cautissimo
717 2555 835 2622 silentii
865 2561 1029 2640 praecepto
1062 2558 1206 2624 sensibus
1235 2558 1431 2627 audientiae

267 2660 473 2728 coemendata
508 2678 569 2724 nou
606 2659 708 2724 fuerit.
753 2678 827 2724 uam
860 2659 889 2724 si
920 2660 1017 2726 etiam
1054 2661 1148 2728 fidem
1183 2662 1249 2728 eius
1283 2662 1391 2746 aliqua

268 2769 531 2832 sacramentorum
554 2761 764 2828 obtestatione
786 2763 970 2848 deuiureris
995 2762 1087 2831 eitius
1101 2765 1181 2830 illud
1195 2765 1390 2848 prodendum

269 2886 336 2934 osse
359 2885 417 2932 nou
441 2865 599 2950 ambigas:
624 2867 723 2930 mator
746 2867 832 2930 euim
853 2867 1000 2932 aduersus
1023 2869 1125 2949 ipsum
1148 2871 1196 2932 uis
1217 2867 1390 2932 diabolicae

267 2969 502 3053 inpugnatiouis
532 2970 683 3050 insurget,
714 2972 750 3033 ut
779 2970 812 3033 et
842 2973 873 3033 te
902 2970 1090 3035 maestificet
1119 2972 1170 3035 uel
1200 2969 1336 3036 denudet
1357 2975 1389 3034 et

252 3072 357 3138 sillum
380 3077 638 3155 transgressorem
662 3073 845 3154 quantocius
867 3076 916 3138 sui
938 3073 1034 3139 faciat
1056 3075 1255 3139 sacramenti.
1396 3099 1428 3140 as.

290 3173 404 3250 XXX.
435 3173 475 3240 Et
506 3175 621 3240 ideireo
651 3174 730 3238 nibil
757 3174 850 3240 debet
878 3177 1009 3258 abrupte
1030 3178 1202 3243 monachus
1223 3196 1315 3259 super
1338 3177 1387 3242 bis

263 3278 427 3344 dumtaxat
448 3295 526 3362 qnae
548 3278 587 3345 ed
610 3277 786 3362 corporales
816 3279 1052 3346 exercitationes
1073 3282 1229 3366 pertinent
1250 3281 1387 3360 definire,

263 3401 302 3448 ne
324 3381 532 3448 aduersarium
556 3381 595 3446 ed
619 3382 877 3466 inpugnationem
898 3401 1105 3465 eorumquae
1127 3384 1214 3448 uelut
1236 3385 1294 3449 sub
1309 3383 1386 3468 legis

262 3485 478 3552 obseruatione
500 3484 636 3551 custodit
660 3486 761 3568 magis
783 3484 917 3552 incitans
939 3486 1033 3550 citius
1055 3506 1092 3551 ea
1114 3488 1230 3552 uiolare
1246 3493 1385 3570 cogatur.

262 3587 435 3670 praefigens
469 3587 623 3668 quuidem
658 3586 719 3650 sibi
753 3587 854 3669 Iegem
891 3589 1103 3671 unusquisque
1136 3591 1194 3654 snb
1227 3589 1424 3654 libertatiseo

260 3690 363 3774 gratia
394 3691 585 3755 coustItutus
617 3689 789 3771 perniclosa
817 3692 1047 3773 semetipsum
1077 3692 1197 3776 obligat
1221 3691 1384 3774 seruitute,

363 3852 380 3906 5
397 3851 430 3906 cl.
448 3850 462 3905 1
481 3851 550 3915 Tim.
567 3852 592 3916 4,
610 3852 627 3905 8

312 3996 429 4050 2laoere
448 3998 538 4050 uosO
636 3997 734 4052 8illas
752 3999 809 4052 ΣΟ
910 4001 943 4052 14
959 4001 1018 4068 quis
1037 4001 1096 4055 Οὐ
1196 4001 1229 4055 15
1245 3998 1387 4067 prolabens

259 4083 287 4132 Σ
391 4083 422 4135 17
442 4083 563 4150 qualibet
581 4084 607 4136 0
703 4084 898 4153 diuulgationia
914 4087 943 4136 Σ
1045 4087 1079 4140 18
1096 4085 1254 4139 existimaus
1271 4085 1316 4138 On

259 4167 349 4235 aitqua
375 4167 444 4220 ΣΟι
476 4167 594 4235 aIanam
619 4185 635 4224 c
739 4171 771 4224 19
795 4171 850 4237 ipse
874 4171 899 4223 Ο
1001 4171 1035 4225 23
1052 4186 1109 4224 esse
1126 4186 1180 4225 uon
1198 4171 1313 4224 ambisse
1331 4185 1386 4223 non

258 4251 380 4320 ambigas
399 4253 426 4303 Σ
528 4253 562 4307 28
579 4269 626 4308 nee
644 4256 680 4308 0²
783 4255 817 4309 29
834 4257 971 4324 cogitatur
990 4257 1016 4309 O
1117 4258 1149 4311 31
1170 4258 1269 4325 paruit.
1287 4256 1318 4306 Π

258 4337 414 4391 seruitutem
435 4338 470 4388 111
