3009 5200
456 460 619 516 conlatio
641 460 737 526 VIIII,
755 460 866 517 84-36-
1160 464 1222 530 283

88 670 165 717 euru
194 651 316 718 strictis
345 652 438 719 labiis
461 652 608 734 omnique
632 653 759 718 silentio
782 652 993 735 supplicamus
1015 670 1077 717 uon
1099 670 1221 734 nouum,

87 756 145 821 sed
176 755 317 821 eordinm
343 755 517 822 scrutatori.
555 756 589 821 iu
618 756 801 821 abscondito
827 774 963 836 oramus,
987 758 1109 839 quando
1132 755 1222 821 eorde

88 862 222 925 tautum
250 861 283 923 et
314 858 439 925 intenta
471 862 575 923 mente
608 860 775 940 petitiones
806 863 929 925 nostrae
964 860 1022 926 soli
1055 859 1238 951 pandimus·

89 962 159 1039 deo,
194 960 245 1027 ita
276 961 312 1027 ut
344 980 384 1027 ue
414 962 500 1042 ipsae
533 961 660 1044 quidem
698 963 847 1028 aduersae
885 962 1012 1029 ualeant
1048 964 1220 1045 potestates

60 1092 78 1131 s
90 1084 195 1149 genus
217 1064 342 1130 nostrae
362 1065 520 1147 petitionis
543 1082 720 1147 agnosoere.
751 1066 879 1149 propter
901 1065 982 1148 quod
1004 1084 1077 1131 ounn
1098 1065 1250 1131 summoti

88 1173 139 1233 est
169 1169 324 1234 orandum
350 1168 488 1251 silentio,
516 1186 578 1235 uon
600 1168 702 1235 solum
724 1188 764 1233 ne
787 1168 900 1234 fratres
924 1169 1083 1235 adstantes
1104 1170 1219 1235 nostris

88 1272 230 1337 susunis
249 1271 303 1336 uel
324 1271 513 1337 elamoribus
536 1290 702 1339 auooemus
724 1273 758 1337 et
772 1272 930 1337 orantium
945 1271 1085 1339 sensibus
1101 1273 1220 1339 obstre-

86 1392 217 1456 pamus,
249 1379 313 1440 sed.
332 1380 369 1441 ut
397 1378 480 1457 ipsos
510 1395 631 1459 quoque
658 1373 803 1441 iuimiooe
829 1378 960 1455 nostros,
983 1375 1037 1458 qui
1059 1376 1220 1443 orantibus

87 1478 182 1544 nobis
210 1478 345 1545 maxime
373 1480 574 1558 insidiantur,
604 1481 704 1545 lateat
732 1482 856 1547 nostrae
889 1479 1050 1562 petitionis
1077 1480 1218 1547 intentio.

53 1581 138 1649 reita
162 1581 247 1647 enim
262 1583 463 1666 praeseptum
477 1582 557 1649 illud
571 1582 778 1665 inplebimus:
802 1583 848 1649 ab
872 1602 931 1662 ea,
955 1601 1052 1667 quae
1075 1584 1220 1651 dormit

87 1688 129 1751 in
152 1688 246 1751 sinu
267 1690 351 1769 tuo,
374 1689 532 1753 eustodi
555 1689 740 1754 elaustra
762 1688 843 1753 oris
865 1688 937 1753 tui.

131 1805 281 1873 XXXVI.
314 1807 361 1873 Ob
396 1807 478 1889 quod
514 1807 695 1890 frequenter
730 1808 868 1892 quidem,
905 1808 960 1873 sed
997 1807 1135 1873 breuiter
1171 1810 1220 1871 est

89 1914 256 1993 orandum,
278 1931 317 1975 ue
336 1911 568 1976 inmorantibus
591 1912 680 1977 nobie
707 1913 844 1978 inserere
866 1911 985 1994 aliquid
1007 1915 1112 1976 nostro
1135 1909 1219 1975 eordi

89 2014 258 2079 insidiator
300 2015 399 2097 possit
443 2014 599 2080 inimicus.
654 2014 739 2079 istud
776 2032 911 2097 namque
948 2016 995 2079 est
1032 2012 1218 2079 snoridoium

53 2136 210 2201 suerum,
234 2117 308 2199 quia
329 2116 579 2183 sacrifitium
601 2119 671 2184 deo
693 2116 870 2200 spiritus
893 2120 1110 2183 contritus:
1140 2116 1218 2181 haeo

88 2221 242 2285 salutaris
263 2221 390 2301 oblatio,
412 2222 477 2287 ista
491 2224 565 2287 suut
579 2240 657 2305 pura
677 2222 837 2304 libamina,
860 2222 946 2288 istud
971 2220 1217 2287 saerilieium

89 2324 298 2405 institiae,
320 2324 408 2390 istud
430 2325 679 2391 sacrificium
707 2326 859 2402 leudis,
890 2325 948 2393 hae
971 2328 1044 2391 eunt
1066 2342 1157 2389 uerae
1179 2339 1217 2390 ao

88 2429 221 2511 pingues
248 2428 378 2504 hostiae,
410 2428 474 2492 ista
502 2428 577 2494 sunt
601 2429 950 2494 holocaustomata
971 2426 1215 2504 medullato,

89 2548 169 2613 quae
196 2528 339 2595 contritis
362 2532 394 2595 et
415 2530 591 2596 humilietis
619 2531 761 2597 cordibus
785 2531 968 2610 offeruntur,
995 2549 1132 2615 quaeque
1156 2529 1214 2595 hae

53 2653 150 2716 nequa
177 2633 312 2699 diximus
340 2633 504 2717 disciplina
526 2635 560 2700 et
584 2636 758 2701 intentione
786 2635 916 2718 spiritus
945 2635 1123 2702 exhibentes
1147 2632 1217 2698 elfi-

88 2737 155 2803 oaoi
186 2738 359 2820 poterimus
393 2737 513 2803 uirtute
551 2743 692 2804 eantare:
728 2739 931 2822 dirigatur
968 2740 1095 2804 oratio
1132 2757 1216 2805 mea

86 2842 193 2907 siout
214 2841 414 2907 incensum
436 2842 476 2907 iu
499 2845 712 2929 conspeetu
735 2845 816 2909 tuo:
839 2842 1017 2909 eleuetio
1038 2860 1212 2907 manuum

86 2963 259 3010 mearum
295 2945 549 3011 sacrificium
586 2947 868 3028 uespertinum.
915 2948 996 3030 quod
1029 2946 1125 3011 etiam
1157 2944 1245 3010 nost

87 3048 239 3132 oportuna
275 3050 450 3114 commouet
493 3049 658 3114 deuotione
694 3049 871 3134 persoluere
914 3050 1007 3116 horae
1043 3050 1142 3132 ipsius
1179 3065 1215 3113 ao

51 3152 187 3225 ‚suedis
218 3153 388 3218 aduentus:
418 3153 456 3218 de
486 3171 546 3236 quo
575 3153 703 3236 quidem
725 3154 801 3218 lieet
822 3172 877 3236 pro
900 3153 1067 3219 tenuitatis
1091 3154 1214 3219 nostres

189 3373 224 3428 10
239 3374 398 3440 niente
495 3375 701 3439 lee.50,19
799 3377 831 3433 16
849 3377 960 3432 boel
1057 3377 1212 3444 171²s.4a‚

86 3459 122 3513 23
209 3460 301 3515 lare.
320 3461 408 3527 65,15
492 3462 524 3516 21
544 3461 587 3515 Pe.
607 3461 702 3527 140,2

137 3664 348 3719 letrinetisD¹
434 3664 658 3720 2somtaturiV
744 3667 929 3737 3pdimusD
1016 3668 1147 3736 dipsiV

84 3767 291 3840 effsnfoeo
393 3759 551 3840 densum}
576 3786 607 3840 D
641 3787 769 3842 susurriis
794 3788 827 3841 X
937 3788 967 3843 11
996 3789 1055 3841 sino
1085 3786 1108 3843 0

85 3867 118 3922 12
141 3868 219 3924 sodet
238 3886 296 3925 noes
313 3871 487 3942 dietmuent
590 3872 623 3928 13
645 3872 825 3928 imorantibus
845 3876 885 3931 W
984 3873 1093 3944 aliquod
1113 3875 1144 3930 D

83 3971 164 4026 eorus
185 3972 227 4026 n¹
330 3974 364 4031 us
386 3976 530 4044 cenerum]
554 3962 649 4031 isnin
670 3977 700 4032 n
729 3977 977 4033 srenissimo
1080 3978 1112 4032 uu
1137 3979 1209 4033 usaue

84 4056 171 4110 saeuit.
194 4057 282 4112 laudis
308 4058 417 4114 VD¹X=
446 4061 520 4117 istud
542 4065 585 4118 est
602 4063 663 4120 sl
686 4062 826 4119 D²WOP
926 4065 990 4118 haee
1011 4063 1145 4120 D²WOP

83 4145 148 4196 suut
164 4145 241 4211 (poet
256 4144 318 4212 bae)
335 4161 387 4201 om.
404 4147 528 4204 DWOP
631 4150 663 4204 18
680 4150 790 4219 pinguia
812 4151 876 4206 V¹P
971 4150 1164 4206 holocaustum.
1187 4150 1215 4206 V

83 4227 302 4286 solomone
389 4233 421 4288 19
439 4235 577 4290 ooutristir
594 4234 687 4292 D¹W¹
779 4235 814 4290 20
831 4237 966 4291 exibentes
988 4237 1026 4294 W
1110 4239 1210 4293 elfieati

81 4315 112 4368 D
214 4317 248 4369 22
270 4319 459 4387 eonspeetoO
561 4337 671 4376 manum
692 4321 743 4378 Vo
845 4322 880 4378 23
898 4321 1117 4378 eaeridoritioiunu
1135 4324 1210 4392 (set)

87 4398 112 4451 1⁷
211 4401 246 4456 24
262 4409 397 4471 oportuna
420 4405 454 4460 V¹
