3009 5200
258 478 323 544 566
649 476 813 531 lobannis
831 474 996 531 Cassiani

259 663 385 747 penitus
404 684 465 730 non
483 666 613 749 oportet,
630 667 705 749 quin
723 666 820 731 immo
836 668 862 731 si
879 666 1032 733 uiolenter
1044 667 1223 751 obrepserit,
1241 668 1387 750 protinus

259 770 453 834 extrudatur.
486 768 623 832 multum
645 786 782 851 namque
802 770 936 835 retrahit
964 776 1103 835 mentem
1125 790 1144 835 a
1166 772 1387 855 contemplati-

258 890 316 938 one
343 872 502 957 puritatis,
530 872 598 936 eius
626 874 792 955 praecipue
820 874 875 956 qni
903 873 936 937 in
964 872 1131 939 solitudine
1165 878 1386 951 commoratur,

257 974 413 1058 inplicans
450 993 518 1040 eam
550 974 693 1039 sordibus
726 976 836 1040 mundi
869 975 962 1041 buius
995 980 1026 1039 et
1059 974 1241 1060 praefocans
1270 976 1387 1042 faetore

256 1078 417 1144 uitiorum.
454 1080 528 1144 dum
563 1078 648 1142 enim
681 1077 793 1144 recolis
827 1096 872 1159 ea,
904 1096 982 1161 quae
1016 1078 1186 1143 mundum
1214 1080 1424 1162 principems

257 1181 372 1247 secordi
400 1181 493 1246 buius
518 1200 575 1263 per
602 1181 812 1265 ignorantiam
846 1201 900 1247 seu
933 1182 1097 1247 lasciuiam
1130 1184 1314 1267 conmisieti
1347 1184 1386 1249 nt

257 1285 425 1350 concedam
446 1284 506 1349 tibi
529 1283 611 1367 quod
632 1286 666 1349 in
688 1284 748 1349 bae
770 1284 958 1369 cogitatione
980 1286 1082 1366 posito
1105 1286 1274 1351 oblectatio
1296 1286 1386 1351 nulla

257 1387 415 1471 subrepat,
445 1392 529 1453 certe
556 1390 704 1471 antiquae
732 1388 908 1471 putredinis
931 1388 981 1453 uel
1006 1388 1072 1452 sola
1094 1390 1238 1469 contagio
1260 1408 1384 1454 necesse

257 1496 306 1557 est
328 1496 363 1555 ut
377 1494 480 1556 taetro
496 1494 635 1555 mentem
651 1489 768 1556 faetore
789 1494 973 1575 corrumpat
987 1494 1019 1555 et
1034 1490 1211 1574 spiritalem
1226 1492 1384 1557 uirtutm

227 1594 473 1679 2fragrantiam‚
502 1593 534 1660 id
567 1598 615 1658 est
648 1596 836 1659 suauitatem
870 1596 941 1661 boni
974 1593 1076 1659 odoris
1110 1595 1265 1660 excludat.
1311 1612 1421 1662 cumn

256 1714 328 1781 ergo
358 1696 597 1780 praeteritorum
624 1698 775 1761 memoria
804 1698 955 1761 uitiorum
975 1698 1151 1781 pulsauerit
1174 1716 1311 1776 sensum,
1335 1698 1383 1761 ita

256 1801 296 1865 ab
318 1817 354 1863 ea
375 1800 575 1865 resiliendum
599 1803 657 1875 est,
681 1801 763 1864 sicut
786 1799 902 1881 refugit
925 1800 976 1864 uir
997 1800 1145 1864 honestus
1167 1804 1200 1865 et
1214 1802 1330 1881 grauis,
1355 1801 1382 1864 si

256 1902 421 1983 inpudicae
450 1920 486 1965 ae
515 1902 654 1984 procacis
683 1902 816 1968 feminae
846 1904 879 1967 in
905 1904 1029 1984 publico
1053 1908 1109 1968 aut
1131 1904 1304 1985 conloquiis
1326 1904 1382 1968 aut

257 2002 450 2087 amplexibus
488 2002 662 2087 adpetatnr.
706 2006 761 2087 qui
794 2004 902 2088 ntique
938 2007 998 2070 nisi
1030 2026 1062 2071 se
1090 2024 1109 2069 a
1137 2008 1282 2071 contactu
1315 2008 1381 2070 eius

257 2107 387 2173 festinus
424 2108 610 2173 abstraxerit
643 2112 674 2171 et
709 2109 762 2172 uel
798 2107 1016 2174 breuissimum
1046 2128 1167 2174 moram
1198 2110 1381 2174 inhonestae
1393 2134 1420 2175 ιε

257 2208 519 2275 confabulationis
542 2210 714 2285 admiserit,
738 2210 861 2274 etiamsi
877 2228 1059 2276 consensum
1074 2212 1237 2295 pudendae
1253 2216 1380 2295 respuat

255 2312 440 2396 uoluptatis,
464 2311 612 2377 infamiae
634 2315 738 2376 tamen
762 2330 798 2376 ae
813 2312 1061 2394 reprehensionis
1077 2320 1183 2379 notem
1199 2318 1381 2379 cunctorum

226 2416 520 2499 apraetereuntium
557 2414 671 2479 iudicio
707 2431 768 2478 non
806 2415 927 2478 euadet
972 2414 1018 2479 ita
1054 2414 1154 2498 igitur
1191 2416 1287 2482 etiam
1324 2434 1380 2480 nos

256 2520 386 2602 oportet,
424 2535 495 2583 oum
529 2516 678 2583 fuerimus
712 2516 751 2583 ad
787 2516 962 2581 huiusmodi
995 2518 1199 2600 cogitationes
1233 2520 1381 2605 pestifera

256 2623 469 2688 recordatione
485 2621 621 2705 deducti,
635 2623 751 2704 raptim
766 2620 806 2686 ab
822 2639 930 2686 earum
946 2623 1206 2705 contemplatione
1224 2623 1419 2689 discederem

256 2730 288 2791 et
316 2724 446 2808 implere
474 2723 554 2789 illud
584 2721 664 2806 quod
694 2741 714 2788 a
743 2722 907 2788 Salomone
940 2727 1146 2807 praecipitur:
1176 2727 1240 2792 sed
1263 2725 1379 2802 erili,

255 2829 368 2911 inquit,
399 2827 480 2892 noli
510 2827 703 2892 demorari
731 2826 770 2892 in
800 2827 885 2893 loco
915 2829 1013 2913 eius,
1043 2847 1167 2910 neque
1189 2829 1378 2894 intendas

254 2930 408 2996 oculum
430 2933 538 2996 tuum
559 2931 597 2995 in
620 2947 715 3011 eam,
739 2947 778 2994 ne
800 2929 941 2994 uidentes
965 2947 1020 2994 nos
1043 2931 1147 3013 angeli
1170 2929 1328 2996 inmundis
1343 2945 1380 2993 ae

254 3032 398 3114 turpibus
427 3030 669 3116 cogitationibus
698 3029 856 3096 inuolutos
886 3050 946 3098 non
973 3033 1092 3114 possint
1115 3034 1153 3097 de
1176 3032 1265 3098 nobis
1289 3051 1379 3116 prae·

357 3253 390 3305 21
409 3251 486 3307 eros.
505 3255 531 3320 e,
550 3253 583 3307 re
601 3251 694 3322 (cxx)

307 3459 447 3514 letiamai
466 3457 544 3528 θ’βυ
636 3459 781 3528 mactent
800 3459 867 3530 Ode
965 3459 1197 3516 texelumtmo
1294 3463 1382 3516 retra-

254 3542 301 3599 bet
327 3545 373 3614 Οβ
473 3545 617 3600 ffaetore
637 3546 668 3616 βε
696 3545 799 3600 foetore
819 3547 849 3601 B
877 3544 961 3600 fetore
977 3546 1030 3602 1¹⁷0
1132 3545 1269 3602 fruitione
1285 3546 1316 3601 F

253 3631 271 3686 6
297 3630 356 3684 siae
381 3630 420 3700 βυ
521 3631 539 3684 8
565 3630 698 3700 subripiat
723 3631 804 3687 BFO
905 3627 1057 3701 putridinis‘
1077 3627 1119 3685 Κι
1221 3627 1381 3700 contagione

256 3717 279 3773 0
380 3718 486 3772 iltetw
504 3716 582 3772 codd.
677 3717 763 3773 fetore
780 3716 861 3774 BFO
890 3717 1028 3787 foetored
1125 3716 1256 3772 uirtutem
1274 3716 1312 3773 13¹

255 3803 289 3857 10
305 3803 476 3874 ffigrautim
494 3801 545 3871 Ββ
574 3803 751 3874 fraglantiam
768 3803 822 3860 Fo
922 3803 1010 3858 odoris
1029 3803 1091 3860 beai
1109 3803 1138 3858 B
1241 3803 1274 3858 12
1294 3802 1382 3858 resili-

253 3889 323 3943 enda
342 3887 410 3944 ΒΨ
493 3889 528 3943 14
545 3888 650 3957 quiaO
730 3888 914 3946 contrectuO
1001 3889 1031 3944 15
1050 3888 1222 3944 inhonestate
1239 3887 1311 3960 ΒΨ·

254 3975 287 4030 16
313 3973 484 4046 inpudentiae
509 3975 572 4044 Me)
675 3975 707 4030 17
732 3975 922 4044 uoluntatisd
1024 3975 1058 4030 18
1080 3975 1266 4044 praeeuntium
1283 3973 1315 4030 F

253 4061 379 4131 euaditd
483 4062 515 4116 19
534 4061 569 4116 ad
588 4060 623 4118 0:
653 4060 687 4116 ab
706 4060 764 4116 BF
786 4059 851 4130 iud
952 4059 1159 4139 cogitationeO
1190 4057 1380 4114 recordationis

252 4148 312 4203 BF
411 4147 657 4223 borecordatione]
674 4145 839 4217 cogitatione
857 4144 915 4200 BF
930 4143 1114 4215 (scribendum
1127 4150 1214 4215 poco:
1232 4143 1266 4199 ad
1284 4145 1381 4200 huiua-

253 4234 326 4290 modi
353 4234 546 4290 reeordatiouie
572 4233 716 4303 pestiferas
741 4231 931 4302 cogitationes)
1065 4231 1097 4286 21
1125 4231 1261 4286 solomone
1289 4230 1311 4287 0

253 4321 298 4375 sed
316 4318 366 4376 ont
384 4319 466 4376 BFO
568 4319 640 4374 exilii
663 4317 702 4372 1⁴⁸¹
731 4317 809 4372 exsili
827 4317 904 4372 m
1007 4316 1041 4372 22
1065 4308 1158 4386 inquid
1181 4315 1234 4372 FO
1336 4315 1380 4370 iu-

252 4405 320 4476 dgas
339 4405 371 4460 K
397 4405 509 4474 ind-gas
527 4404 554 4459 Z
653 4405 688 4458 24
705 4403 935 4474 captationibuslt
1038 4403 1146 4474 possent
1163 4401 1205 4457 K¹
