3009 5200
303 446 366 513 282
693 442 859 499 lobannis
876 442 1033 497 Cassiani

300 642 390 720 putre
425 636 576 720 legimus:
612 635 671 699 sic
706 634 809 698 euim
843 632 995 697 dilexit
1033 632 1128 696 deus
1164 631 1345 695 muudum
1384 634 1433 695 ut

300 739 553 823 unigenitum
577 738 715 803 filium
735 755 847 801 suum
870 738 999 814 daret,
1023 736 1114 800 etde
1135 734 1201 799 filie
1221 733 1432 799 nibilominus

302 844 496 909 inueuimus:
539 842 605 925 qui
649 841 761 906 dedit
804 840 930 905 semet
972 840 1102 921 ipsum
1144 857 1213 920 pro
1249 838 1432 919 peccatis

250 946 462 1011 linostris.
502 946 537 1009 st
569 944 832 1027 quemadmodum
866 946 903 1009 de
936 943 993 1007 illo
1025 943 1174 1009 relertnrz
1209 942 1276 1025 qui
1307 941 1432 1005 etiam

300 1050 463 1131 proprio
490 1047 584 1112 tilio
611 1065 684 1111 nou
712 1048 910 1129 pepercit,
938 1049 1003 1112 sed
1026 1063 1093 1128 pro
1114 1045 1226 1110 uobis
1247 1044 1468 1109 omuibuss

296 1152 473 1217 tradidit
503 1169 607 1232 eum,
639 1151 687 1215 ita
715 1150 756 1215 de
785 1152 846 1215 isto
877 1154 1038 1214 nsrratur:
1071 1149 1226 1213 oblatus
1251 1147 1433 1230 estquis

296 1257 384 1338 ipse
412 1254 557 1319 uoluit.
595 1255 629 1317 et
653 1254 702 1318 ita
730 1252 831 1335 patris
854 1270 891 1317 ac
912 1252 971 1317 lilii
993 1252 1139 1317 uoluntas
1160 1269 1225 1316 uua
1244 1270 1301 1332 per
1321 1252 1433 1317 omnis

298 1358 495 1441 designatur,
524 1364 561 1420 ut
592 1357 691 1421 etiam
717 1357 753 1420 in
781 1359 847 1439 ipso
868 1357 1105 1420 resurrectionis
1126 1355 1299 1421 dominicae
1321 1371 1431 1419 sacra·

300 1462 407 1527 mento
450 1462 587 1542 operatio
630 1476 693 1523 neu
729 1460 856 1523 dissona
899 1458 996 1522 fnisse
1031 1459 1189 1523 doceatur.
1233 1476 1307 1522 nam
1342 1457 1431 1522 sicut

298 1566 556 1631 resurrectionem
577 1564 718 1643 corporis
740 1562 811 1626 eius
826 1564 948 1644 patrem
961 1566 1124 1643 operatum
1139 1562 1252 1626 beatus
1267 1562 1431 1642 spostolus
1440 1580 1466 1619 ιι

297 1668 459 1752 prssdicat
487 1668 608 1732 dicem:
639 1672 678 1729 et
704 1665 816 1729 deum
841 1668 993 1747 patrem
1014 1664 1082 1745 qui
1103 1664 1321 1728 suscitauit
1342 1682 1430 1729 eurn

299 1770 523 1847 amortuis,
552 1768 599 1831 ita
626 1766 708 1831 lilius
739 1767 966 1831 suscitaturum
989 1784 1022 1831 se
1045 1768 1198 1849 templum
1220 1767 1269 1831 sui
1290 1770 1430 1851 corporis

297 1875 491 1956 protestatur
517 1872 684 1954 soluite,
713 1872 869 1955 inquiens,
901 1872 1091 1953 templum
1117 1872 1201 1948 boc,
1228 1874 1269 1935 et
1296 1889 1365 1955 ego
1390 1874 1431 1937 in

247 1971 430 2042 ldtribus
465 1975 603 2039 diebus
640 1975 847 2039 suscitabo
884 1975 997 2041 illud
1043 1979 1076 2040 et
1108 1976 1221 2040 idcirco
1261 1974 1312 2038 his
1345 1993 1430 2057 quae

297 2079 508 2165 praediximus
530 2078 679 2160 exemplis
711 2079 876 2145 dominicis
898 2079 1015 2145 eruditi
1037 2082 1166 2145 cunctus
1193 2078 1430 2143 obsecrationes
1439 2099 1464 2138 ιι

297 2188 419 2249 nostras
449 2183 548 2248 simili
580 2202 637 2247 uos
669 2201 792 2265 quoque
826 2184 977 2249 debemus
1008 2183 1148 2248 brabone
1181 2182 1364 2247 concludere
1394 2183 1430 2246 et

299 2286 379 2353 banc
404 2304 513 2351 uocem
541 2286 663 2350 cunctis
694 2286 901 2367 petitionibus
936 2288 1053 2351 nostris
1086 2304 1207 2369 semper
1240 2285 1427 2366 adiungere:

296 2394 571 2455 uerumtamcu
598 2406 672 2453 nou
701 2390 808 2454 sicut
835 2407 905 2473 ego
929 2390 1020 2454 uolo
1042 2390 1111 2454 sed
1132 2390 1239 2454 sicut
1260 2390 1312 2453 tu
1346 2389 1428 2451 satis

297 2510 370 2559 uero
397 2496 520 2556 constat
549 2492 641 2555 illum
662 2494 766 2556 trinae
787 2491 980 2557 curuatiouis
1001 2512 1177 2570 numemm,
1210 2491 1265 2575 qui
1287 2491 1370 2556 solet
1393 2492 1427 2554 in

296 2594 589 2680 congregationibus
618 2595 755 2661 fratrum
776 2596 816 2660 sd
839 2596 1087 2662 concludendam
1109 2596 1240 2680 synaxin
1262 2593 1462 2673 celebraris

295 2717 367 2765 eum
388 2700 443 2780 qui
463 2700 585 2764 intento
606 2699 712 2763 auimo
733 2699 892 2782 supplicat
914 2701 1079 2765 obseruare
1101 2718 1163 2765 nou
1183 2717 1282 2781 pomo.

337 2819 465 2885 XXXV.
496 2822 580 2886 Ante
613 2822 719 2886 omnic
750 2840 823 2885 saue
855 2821 936 2885 illud
973 2822 1190 2904 euangelicum
1221 2819 1426 2902 praeceptum

296 2921 476 3007 diligentius
505 2923 735 2989 obseruandum
756 2931 813 3008 est,
843 2929 879 2989 ut
911 2925 1066 2990 intrantes
1098 2927 1131 2989 iu
1165 2923 1343 2988 cubiculum
1365 2940 1426 2987 uo·

296 3030 397 3091 strum
420 3027 504 3092 cluse
525 3028 607 3092 ostio
624 3033 730 3092 uestro
752 3045 873 3093 oremus
891 3031 1013 3109 patrem
1028 3030 1179 3093 nostrum.
1203 3027 1285 3110 quod
1300 3044 1318 3089 a
1333 3025 1425 3092 uobis

294 3130 342 3194 ita
365 3129 545 3212 inplebitur.
583 3129 670 3195 intra
702 3133 847 3196 nestrum
881 3131 1062 3196 cubiculum
1095 3129 1315 3212 supplicamus,
1350 3145 1459 3192 cumss

295 3232 336 3297 ab
370 3233 509 3297 omnium
547 3233 775 3318 cogitationum
811 3235 876 3298 siue
913 3233 1162 3298 sollicitudinum
1202 3232 1337 3313 strepitu
1370 3251 1425 3296 cor

296 3340 438 3402 nostrum
464 3335 590 3418 penitus
616 3339 796 3402 amonentes
826 3338 942 3400 secreto
973 3334 1198 3418 quedammodo
1227 3352 1264 3398 ac
1285 3333 1424 3399 lumilia·

264 3437 372 3504 tritor
392 3457 498 3524 preces
525 3441 647 3504 nostras
669 3439 794 3504 domino
822 3457 1008 3505 reseremus.
1046 3441 1151 3503 clauso
1181 3457 1306 3502 oramus
1329 3437 1424 3513 ostio,

396 3659 572 3728 110h.3,1o
648 3661 812 3726 adsunt
887 3661 1086 3727 succussu
1160 3659 1353 3724 cunutus

293 3742 483 3811 lldrll‚1
551 3747 755 3812 1310b.2‚19
832 3747 1044 3816 nstitutus
1118 3747 1352 3812 metiscus

343 3952 449 4006 lbunc
465 3953 594 4006 mundum
611 3953 642 4007 D
737 3953 937 4010 2traderet0
1035 3954 1139 4024 billio]
1157 3953 1214 4008 filio
1232 3969 1280 4006 suo
1296 3952 1356 4007 ΒΡ

295 4039 459 4096 'ltiliD'W
537 4040 776 4111 ssieut1mntD¹
858 4042 892 4095 10
903 4043 1092 4095 resurrectione
1102 4040 1158 4096 DO
1239 4040 1271 4094 13
1283 4038 1379 4108 inquid
1392 4037 1422 4092 D

298 4123 350 4180 ΟΡ
417 4127 451 4181 15
459 4129 562 4182 cunctis
570 4128 613 4182 D*
682 4128 949 4182 18uemntamenD¹
1018 4128 1224 4197 nonsieut]nuu
1237 4125 1353 4179 suntD¹

294 4213 328 4268 19
351 4215 518 4269 cumatiouis
540 4215 617 4269 WX:
652 4215 819 4269 curbstionis
848 4216 872 4272 0
905 4217 1050 4269 curationis
1080 4213 1134 4269 VD
1167 4213 1299 4268 orationis
1326 4211 1354 4266 P

292 4297 446 4354 fflsinaxiu
461 4299 558 4356 WPX
635 4301 851 4356 celebrareD¹P
932 4302 965 4355 21
979 4301 1206 4370 uousupplicstr
1283 4297 1421 4352 sturm

295 4383 350 4440 ΟΧ
451 4385 531 4439 uubis
546 4385 582 4440 V·
683 4386 946 4456 tbiutrsnostrum]
959 4386 1302 4442 eumintnacordisuostrl
1317 4383 1353 4438 W
