3009 5200
261 433 323 500 704
651 425 818 480 lobannis
835 427 995 482 cassiani

260 624 297 684 et
318 621 515 702 esperain
530 618 618 684 uias
633 618 789 699 planas,
804 619 838 682 et
851 621 1016 701 gustantes
1031 619 1378 704 uidebuntqnoniem

260 724 401 788 suauis
423 727 482 788 est
503 722 697 804 dominus,
726 721 951 804 audientesque
979 721 1142 788 Christum
1162 725 1197 790 in
1218 727 1378 808 euangelio

260 827 523 908 proclamantem:
554 825 690 890 uenite
718 827 765 892 ed
794 843 852 888 me
879 843 1011 890 omnes
1032 829 1099 908 qni
1120 824 1316 894 laboratis
1339 833 1379 894 et

260 933 412 997 onerati
436 932 551 1008 estis,
575 934 613 995 st
635 947 704 1014 ego
725 929 905 995 reficiam
927 948 995 996 uos
1016 929 1165 1013 depositis
1191 931 1379 1014 ponderibus

261 1034 411 1099 uitiorum
434 1052 471 1098 ee
485 1052 561 1116 quas
576 1038 749 1116 sequnntur
765 1031 966 1116 intellegent:
990 1032 1082 1114 quia
1102 1032 1234 1116 iugum
1255 1053 1379 1102 meum
1399 1060 1416 1102 a

230 1139 380 1202 bsuaue
401 1139 461 1200 est
484 1137 522 1200 et
539 1154 635 1202 onus
650 1156 772 1202 meum
787 1136 874 1201 leue
889 1138 957 1201 est.
979 1137 1162 1220 babetergo
1179 1136 1379 1222 refrigerium

261 1241 311 1302 uie
333 1239 458 1316 domini,
482 1241 508 1303 si
531 1240 703 1305 secundum
720 1239 823 1322 legem
838 1239 937 1321 ipsius
952 1241 1107 1306 teneatur.
1129 1241 1184 1304 sed
1200 1258 1255 1306 noe
1269 1259 1378 1306 sumus

260 1343 313 1426 qui
342 1341 460 1407 dolores
490 1342 579 1408 nobis
603 1343 702 1425 etque
732 1343 888 1408 tormenta
916 1342 1107 1408 turbulentis
1135 1343 1377 1410 disteubouibus

260 1462 466 1528 procuremus,
496 1448 570 1510 dum
599 1446 755 1510 malumus
784 1448 852 1511 uias
882 1447 998 1512 saeculi
1027 1446 1118 1512 buius
1149 1465 1259 1528 prenae
1284 1447 1379 1529 atque

259 1567 417 1631 peruerses
441 1550 534 1614 etiem
558 1567 629 1614 cum
651 1566 774 1614 summo
799 1548 1037 1614 discriminoso
1052 1546 1239 1612 difficultate
1253 1550 1415 1616 sectarim

260 1669 330 1716 oum
364 1669 436 1716 uero
469 1651 526 1716 boc
558 1649 647 1716 modo
676 1634 784 1736 greue‘
800 1668 837 1716 ao
866 1650 982 1717 durum
1011 1650 1099 1716 nobis
1128 1650 1238 1732 iugum
1262 1651 1378 1716 domini

259 1753 432 1832 fecerimus,
463 1752 645 1838 blasphemo
675 1757 738 1819 iem
768 1755 881 1836 spiritu
912 1754 963 1818 uel
993 1754 1032 1819 de
1060 1753 1157 1836 ipsius
1178 1753 1245 1838 iugi
1265 1753 1317 1818 uel
1340 1757 1378 1820 do

260 1855 377 1922 Christi
405 1857 458 1939 qui
489 1856 567 1922 illud
597 1858 718 1940 inponit
746 1856 866 1922 duritie
894 1858 986 1940 abque
1015 1857 1182 1940 asperitate
1211 1873 1377 1921 censemur

259 1963 429 2025 secundum
445 1959 542 2024 illud:
566 1959 807 2044 insipientia
826 1959 907 2025 uiri
930 1957 1150 2041 corrumpit
1171 1960 1255 2024 uias
1277 1961 1377 2038 eius,

229 2063 367 2128 tideum
391 2064 721 2128 eutemcausatur
743 2061 960 2142 cordetuo,
982 2063 1199 2128 etsecundum
1213 2062 1414 2146 Aggaeumm

258 2165 439 2249 prophetam
462 2184 534 2229 cum
556 2163 724 2230 dixerimus
753 2163 829 2245 quia
857 2163 922 2228 uie
951 2163 1196 2230 domininon
1218 2163 1375 2248 dirigit,

259 2285 391 2352 congrue
420 2265 506 2330 nobis
536 2266 736 2348 respondetur
766 2283 785 2329 e
816 2263 957 2332 domiuo:
988 2265 1172 2349 numquid
1202 2265 1266 2331 uia
1291 2285 1376 2332 mea

259 2389 332 2435 non
354 2369 519 2452 dirigit?
542 2369 808 2452 nonnemagis
824 2368 1375 2451 uiaeuestraesuntprauas?

259 2475 291 2537 st
319 2493 352 2537 rs
382 2492 456 2541 uere
486 2473 513 2538 ei
543 2490 708 2554 conparere
737 2471 874 2536 uolueris
903 2490 998 2537 sueue
1026 2473 1162 2537 olentem
1183 2473 1374 2556 umginitatis

258 2575 363 2641 dorem
386 2578 418 2642 et
439 2577 641 2642 tenerrimam
664 2575 866 2641 castimoniae
889 2575 1059 2657 puritatem
1074 2574 1184 2642 taetris
1198 2595 1235 2641 ac
1249 2575 1414 2648 fastidisse

258 2679 424 2745 libidinum
461 2680 644 2757 uolutebris,
682 2680 820 2762 quietem
856 2680 1118 2761 securitatemque
1154 2680 1374 2745 monachornm

257 2782 403 2865 periculis
426 2784 457 2849 et
477 2783 631 2848 aerumnis
655 2782 768 2864 quibus
783 2782 892 2847 mundi
911 2780 1002 2849 buius
1017 2782 1158 2847 homines
1173 2782 1375 2865 inplicantur,

258 2886 451 2969 paupertatis
484 2891 604 2952 nostrae
639 2886 777 2968 requiem
814 2885 961 2953 edacibus
993 2885 1129 2951 diuitum
1165 2886 1306 2951 tristitiis
1338 2903 1375 2950 ec

257 2987 462 3072 peruigilibus
485 2991 576 3064 curis,
599 2991 630 3053 in
653 2988 768 3072 quibus
790 3007 851 3054 non
873 2988 988 3073 absque
1002 3007 1125 3055 summo
1139 2990 1224 3055 uitae
1239 2989 1375 3072 periculo

258 3092 366 3157 diebus
396 3110 431 3157 ac
461 3091 603 3159 noctibus
625 3093 861 3167 consumuntur,
884 3092 1106 3158 suauissimum
1127 3092 1237 3177 iugum
1259 3090 1413 3167 Christi„

258 3212 396 3276 onusque
418 3194 620 3261 leuissimum·
635 3195 785 3263 facillimo
807 3194 1022 3277 conprobabis.

300 3296 414 3365 XXVI.
438 3298 570 3365 Proinde
600 3299 694 3365 etiem
717 3298 774 3365 iila
795 3293 958 3365 retributio
980 3290 1198 3384 proemiorum,
1225 3318 1287 3381 que
1307 3318 1376 3381 per·

260 3401 338 3465 fecte
362 3401 609 3467 renuntiantibus
632 3402 665 3465 iu
686 3400 745 3467 bac
760 3402 829 3467 uita
842 3402 1024 3485 centuplum
1038 3401 1182 3468 dominus
1197 3402 1375 3483 repromisit

360 3588 533 3657 nessae
626 3588 824 3653 ameliae
913 3588 1060 3647 suess
1153 3586 1377 3657 mesenes

257 3672 352 3741 (nux)
457 3676 488 3727 nc
507 3675 598 3728 seen.
618 3675 659 3738 ne,
676 3676 711 3729 eo
729 3674 823 3741 (nux)
927 3676 959 3729 ir
977 3677 997 3728 1.
1014 3691 1036 3730 e
1054 3672 1150 3744 (nux)

309 3845 477 3915 lquoniem]
496 3848 598 3901 souin
617 3847 640 3903 0
657 3848 773 3901 escsuit
873 3846 1036 3901 dhonorati
1052 3845 1117 3903 13¹0
1155 3907 1159 3917 ‚
1216 3845 1376 3901 omnum

258 3930 307 3987 ΟΖ
395 3931 511 3985 tsueue
528 3933 568 3985 est
587 3934 614 3986 et
631 3931 700 3987 BF:
729 3948 811 3987 sucus
827 3935 856 3986 et
875 3931 940 4003 Oto
1024 3931 1111 3987 honus
1127 3929 1166 3985 13¹
1256 3929 1376 3999 seoque

256 4016 284 4071 B
370 4019 402 4071 ll
423 4016 498 4071 nobis
516 4033 546 4071 ao
563 4016 657 4071 durum
676 4018 722 4072 Zo
809 4018 842 4072 12
859 4018 1012 4089 plesphomo
1027 4017 1057 4073 B
1083 4015 1212 4073 blaafamo
1228 4014 1309 4071 For

258 4103 290 4157 13
307 4102 393 4171 adque
411 4103 438 4157 Β
523 4102 662 4174 espiritete
679 4104 709 4157 F
797 4104 829 4158 lb
846 4103 982 4158 domiuum
1000 4102 1059 4157 BF
1139 4104 1168 4157 et
1185 4118 1235 4157 osa
1253 4102 1311 4157 BF

256 4203 372 4257 aggeum
399 4187 476 4243 codd.
586 4189 616 4245 17
644 4190 814 4259 responditur
839 4189 878 4243 B¹
981 4190 1013 4245 19
1038 4204 1120 4244 suane
1145 4189 1262 4243 olentem
1286 4186 1375 4242 Bur:

255 4272 437 4341 splendentem
459 4272 526 4327 OZc
627 4276 662 4331 20
684 4276 867 4345 tenerrimam]
888 4291 971 4333 suane
990 4275 1106 4331 olentem
1127 4273 1196 4329 020
1295 4274 1372 4329 tetris

255 4356 339 4413 ΒΘΖ
437 4359 528 4413 fetidis
546 4359 623 4415 codd.
725 4361 758 4415 27
777 4360 842 4431 quis
857 4362 885 4415 Z
