3009 5200
286 364 350 430 344
674 360 843 416 Iohannis
865 359 1024 452 Cassiani

287 551 378 616 sunt
413 548 702 632 inlusionibus,
740 555 788 616 et:
824 569 898 617 non
930 553 994 616 est
1026 550 1182 617 sanitas
1220 551 1262 614 in
1301 567 1432 614 earne

288 673 370 720 mee
392 673 411 720 a
432 653 538 718 faeie
566 655 648 718 irae
674 654 782 719 tuae:
810 671 884 720 non
916 656 978 719 est
998 669 1071 735 pax
1092 652 1255 720 ossibus
1280 654 1432 717 meisa

260 755 389 822 'lisoio
417 755 680 840 insipientiae
706 775 820 823 meae
857 759 934 824 tune
955 757 1039 824 enim
1059 757 1137 824 haee
1157 760 1376 842 oonpetenter
1397 759 1432 820 et

287 859 320 924 in
351 859 485 926 ueritate
513 859 704 938 deflebimus,
733 861 857 944 quando
886 863 957 944 poet
986 861 1115 943 longam
1142 861 1324 943 puritatem
1356 877 1431 926 oor·

288 964 370 1044 poris
399 962 507 1039 nostri,
538 965 698 1046 sperantes
726 963 791 1028 iam
820 963 960 1029 annalia
986 981 1043 1028 nos
1065 962 1254 1029 omnimodis
1277 963 1465 1028 euasisset

289 1064 441 1148 contagia,
470 1065 617 1130 stimulos
646 1065 749 1131 earnis
777 1065 817 1130 ob
846 1066 1013 1132 elationem
1042 1066 1145 1132 oordis
1165 1069 1346 1132 aduersum
1369 1083 1430 1130 nos

288 1185 415 1232 rursum
436 1167 588 1234 sentimus
609 1169 771 1253 insurgens
792 1168 949 1235 uoluente
969 1187 1026 1253 per
1045 1169 1205 1235 fallatiam
1218 1168 1429 1235 somniorum

289 1271 443 1354 inpunitas
464 1290 521 1337 nos
543 1271 693 1354 pristinae
714 1272 908 1338 oonlnuionis
936 1271 1107 1356 adspargit
1143 1290 1216 1339 oum
1237 1275 1332 1337 enim
1355 1289 1430 1336 ooo-

288 1373 372 1456 perit
393 1373 466 1456 quis
487 1374 637 1440 diuturna
651 1375 752 1440 oord's
767 1377 800 1440 ot
814 1377 951 1456 eorporis
973 1375 1111 1458 puritate
1124 1377 1272 1459 gaudere,
1289 1391 1428 1440 neeesse

289 1481 338 1542 ost
359 1480 406 1555 ut,
435 1476 511 1542 dum
532 1495 567 1542 se
588 1477 686 1543 orodit
708 1477 841 1542 ulterius
862 1477 926 1542 iam
948 1495 1011 1544 non
1030 1495 1119 1560 pomo
1140 1477 1181 1542 at
1202 1477 1262 1543 illa
1284 1476 1463 1542 sinceri-o

290 1582 356 1646 tate
389 1579 522 1652 dunelm,
558 1580 645 1645 intra
676 1580 777 1645 semet
807 1581 912 1663 ipsum
944 1581 1169 1663 quodmodo
1202 1581 1367 1664 glorietur
1392 1581 1429 1645 et

260 1681 392 1748 8dioat:
414 1700 485 1766 ego
507 1682 591 1747 dixi
612 1682 653 1748 in
674 1683 922 1749 abundantia
942 1702 1043 1750 mea:
1072 1703 1144 1750 non
1165 1682 1362 1749 monebor
1385 1683 1428 1746 in

290 1788 509 1850 aeternum:
543 1787 598 1852 sed
629 1804 702 1852 oum
734 1786 857 1853 utiliter
889 1805 909 1851 a
937 1787 1063 1853 domino
1096 1787 1292 1853 subreliotns
1328 1787 1427 1854 illum

291 1888 438 1968 puritatis
460 1889 589 1970 statum,
612 1889 723 1972 inquo
738 1889 867 1955 sibimet
883 1889 1069 1969 oonfidotat,
1090 1890 1225 1955 senserit
1237 1888 1427 1972 proturbari
1460 1877 1463 1882 ’

290 2009 418 2073 seseque
450 1994 483 2058 in
515 1991 571 2058 illo
607 1992 743 2077 spiritali
772 1992 890 2058 uiderit
917 1993 1058 2059 titubare
1087 2011 1243 2069 anteesse,
1277 1992 1459 2057 rooumtu

291 2095 432 2178 protinus
453 2096 493 2160 ad
515 2095 604 2160 illius
625 2097 822 2178 integritatis
850 2098 1009 2163 anotm
1031 2097 1065 2161 et
1085 2113 1256 2179 agnoaoona
1283 2094 1426 2160 infirmi·

291 2199 390 2262 tatem
425 2215 516 2263 suam
553 2199 738 2264 oonliteatnr
767 2204 801 2265 et
829 2199 931 2266 dieat:
965 2199 1138 2276 domine,
1172 2216 1233 2264 non
1269 2201 1308 2264 in
1341 2214 1424 2272 msa,

292 2302 346 2365 sed
378 2301 417 2365 in
447 2306 513 2366 tua
541 2302 750 2367 uoluntate
781 2301 1029 2384 praestitisti
1061 2301 1198 2366 deoori
1226 2317 1313 2365 meo
1346 2299 1424 2363 nir·

291 2407 429 2468 tutem
467 2405 660 2470 auertisti
689 2405 833 2470 faeiem
858 2407 985 2485 tuam,
1008 2406 1049 2470 et
1069 2404 1203 2470 iaotns
1224 2422 1310 2468 enm
1333 2417 1423 2466 oon·

293 2505 501 2572 turbatus:
528 2507 611 2574 illud
631 2525 752 2592 quoquo
775 2508 860 2573 beati
881 2507 956 2574 Iob:
985 2508 1020 2572 ai
1042 2505 1148 2573 lotus
1169 2506 1282 2571 fuero
1304 2501 1456 2588 qnasi»

293 2613 405 2695 aquis
427 2612 548 2690 niuis,
570 2617 608 2677 st
629 2611 824 2678 fulserint
844 2611 958 2676 uolut
980 2610 1267 2676 mundissimae
1282 2622 1423 2673 manus

292 2734 412 2781 ureae:
441 2716 572 2781 tamon
601 2714 785 2781 sordibus
813 2716 1023 2795 intinguos
1052 2732 1124 2791 me,
1155 2717 1194 2779 et
1218 2712 1421 2778 abomina-

262 2817 436 2885 9bnntur
468 2836 525 2883 me
556 2818 796 2883 uestimenta
826 2835 918 2883 mea
961 2818 1045 2900 qnod
1080 2822 1187 2882 umen
1218 2817 1246 2880 ia
1273 2813 1332 2899 qni
1365 2828 1421 2877 suo

293 2920 371 2985 uitio
400 2939 433 2984 se
461 2923 494 2985 in
522 2920 664 2987 sordibus
692 2920 814 3003 tinguit
840 2939 904 2986 non
932 2923 1037 3003 potest
1064 2937 1121 2985 suo
1148 2919 1252 2986 dioere
1274 2914 1419 2983 meaturi.

294 3023 393 3089 donee
413 3042 486 3107 orgo
507 3022 548 3087 ad
569 3023 744 3106 perieotum
770 3024 917 3105 puritatis
945 3022 1108 3106 perueniat
1129 3023 1259 3102 statum,
1290 3034 1453 3085 neooem

294 3126 435 3191 osteum
456 3126 733 3209 inaequalitatibus
755 3126 829 3191 istis
843 3126 1036 3209 inquantins
1049 3126 1176 3204 moiri,
1199 3126 1301 3208 quoad
1317 3138 1417 3203 neque

294 3248 349 3311 per
380 3230 432 3295 dei
460 3232 595 3314 gratiam
625 3229 827 3295 oontirmatns
856 3231 891 3297 in
923 3230 982 3295 illa
1010 3248 1105 3313 quam
1133 3228 1254 3311 adpeflt
1280 3225 1420 3309 puritate

294 3333 462 3399 effioaoiter
482 3334 585 3399 dioere
614 3338 787 3399 mueatur:
818 3338 1033 3417 expeotans
1062 3331 1270 3415 expectaui
1300 3323 1418 3396 domi·

295 3454 397 3513 nnm,
420 3438 454 3503 et
480 3438 657 3520 respexit
686 3456 749 3502 me.
786 3430 831 3501 ot‘
854 3436 1062 3503 exandiuit
1090 3433 1420 3519 depreeationem

399 3658 526 3714 llos
594 3655 784 3724 nalum
859 3657 1006 3713 lutee
1077 3652 1351 3719 mettim—31

295 3744 539 3813 atham-3

348 3948 710 4021 deompatanterlmeel’
808 3946 1043 4003 daflmaluaffl
1145 3940 1355 4014 'lpoeladss

297 4038 477 4107 Sadaparglt
498 4036 536 4091 0:
564 4034 688 4105 aspargit
708 4034 748 4086 11¹
777 4031 1023 4103 npatgltzll‘d'
1121 4026 1353 4100 mimiergollo

300 4120 635 4179 lssmeaabnndantia'l’
732 4118 946 4175 lilanertiall
1044 4111 1353 4171 tramamasti'oa

298 4208 460 4263 ilndndi'
541 4206 748 4277 iiiutingaall
836 4199 1247 4272 utinguitd‘oetingitzss
1327 4194 1419 4260 ssopan

299 4294 610 4365 dgnldeigrat'ni'
709 4289 1056 4361 idmpsohnamll
1153 4280 1355 4354 ivpreanss
