3009 5200
286 411 358 479 ,408
686 409 849 465 lohsnnis
867 408 1025 466 cessioni

294 599 521 681 intellexi,
552 602 584 663 ot
605 599 747 665 excomm
766 598 962 681 passionibus
983 598 1137 665 uniuersis
1157 598 1344 667 fiducialiter
1365 603 1425 667 di-

264 704 387 770 3ount:
410 703 597 788 psallam,
619 706 658 767 ot
678 702 913 787 intellegam
937 704 976 768 iu
997 704 1061 769 uia
1081 703 1328 770 inmaculata
1359 704 1425 769 ille

283 807 379 873 enim
400 806 539 890 psallens
560 805 723 889 intelleget
741 823 820 888 quae
835 805 997 889 canuntur,
1020 806 1074 888 qui
1096 804 1128 869 in
1150 806 1202 871 uie
1223 805 1425 872 inmaculata

294 926 404 994 gressu
424 908 495 992 puri
517 908 619 973 cordis
646 907 805 974 inuititur.
842 911 874 972 ot
900 906 1014 974 idcirco
1040 907 1069 972 si
1090 908 1239 973 scientiae
1260 908 1423 993 spiritalis

294 1030 418 1078 sacrum
446 1010 480 1076 in
503 1011 592 1077 corde
619 1012 725 1076 uestro
753 1010 853 1075 uultis
883 1010 1120 1076 tabernaculum
1150 1028 1344 1095 praeparere,
1374 1011 1422 1077 ab
1451 1040 1466 1079 ⁵

294 1114 434 1181 omnium
467 1132 522 1181 nos
554 1113 708 1179 uitiorum
741 1112 924 1197 contagione
955 1116 1088 1198 purgate
1121 1117 1154 1179 ct
1188 1115 1269 1179 curis
1298 1116 1423 1181 sacculi

294 1216 466 1302 praesentis
489 1216 602 1283 eruite.
633 1215 816 1299 inpossibile
838 1236 972 1300 namque
987 1218 1036 1283 est
1052 1218 1201 1300 animam,
1225 1237 1302 1302 quae
1323 1236 1424 1285 muu-

295 1320 384 1387 denis
413 1322 465 1386 uel
494 1321 631 1387 tenuiter
659 1320 900 1387 distentionibus
922 1325 1099 1404 occupetur,
1129 1321 1243 1387 donum
1265 1321 1423 1387 scientiae

295 1424 463 1507 promereri
492 1424 546 1489 uel
570 1424 793 1507 generatricem
815 1422 1007 1507 spiritalium
1029 1442 1175 1490 mnsuum
1198 1428 1253 1490 aut
1274 1428 1423 1489 tenacem

264 1530 454 1596 4secrarum
489 1526 557 1591 fieri
593 1526 775 1593 leodunum.
820 1526 985 1593 obseruate
1020 1528 1118 1611 igitur
1155 1528 1188 1593 iu
1223 1530 1343 1612 primis,
1382 1532 1420 1594 et
1434 1556 1464 1597 ιο

295 1630 430 1696 manime
459 1635 504 1710 ιιι,
534 1629 699 1709 Iohannes,
729 1629 781 1695 cui
810 1632 912 1715 mem
941 1632 980 1696 ed
1010 1630 1212 1697 custodienda
1240 1630 1316 1697 haec
1337 1649 1422 1715 quae

295 1733 437 1800 dicturus
459 1751 529 1798 sum
544 1736 630 1816 aetas
645 1732 748 1799 odhuc
763 1732 990 1799 adulescentior
1005 1733 1203 1815 suffragatur,
1222 1752 1261 1798 ne
1276 1734 1421 1799 studium

296 1834 438 1901 lectionis
472 1852 508 1901 ec
539 1835 685 1902 desiderii
717 1835 766 1901 tui
799 1834 888 1901 labor
919 1854 1000 1901 uana
1032 1836 1167 1902 elatione
1199 1838 1345 1914 cassotm,
1378 1840 1422 1901 ut

295 1936 413 2003 indices
443 1955 601 2003 summum
633 1939 679 2003 ori
711 1939 767 2003 tuo
799 1938 971 2005 silentium.
1016 1939 1067 2004 hic
1099 1942 1149 2004 est
1181 1940 1263 2003 enim
1295 1941 1420 2020 primus

295 2040 478 2123 disciplinae
507 2040 641 2107 actualis
670 2042 838 2126 ingressus,
868 2047 906 2107 ut
927 2041 1065 2107 omnium
1088 2041 1243 2107 seniorum
1265 2041 1461 2108 institutam

294 2144 389 2225 atque
410 2142 582 2208 sententias
603 2144 725 2210 intento
748 2144 839 2210 corde
862 2149 893 2211 et
915 2146 1003 2228 quasi
1026 2149 1112 2211 muto
1129 2163 1180 2211 ore
1202 2144 1353 2224 suscipias
1376 2161 1419 2209 ec

295 2245 463 2329 diligenter
493 2247 527 2311 in
558 2250 684 2329 pectere
717 2250 773 2313 tuo
805 2247 938 2315 condens
968 2248 1008 2313 ed
1037 2246 1219 2329 perficienda
1248 2247 1418 2329 capotius

294 2368 389 2434 quam
411 2350 451 2414 ed
473 2350 610 2416 docenda
631 2350 769 2415 lestines.
801 2372 836 2417 ax
859 2352 916 2416 hoc
939 2352 1021 2416 enim
1036 2350 1220 2415 cenodoxiae
1241 2349 1420 2433 perniciose

294 2453 517 2536 praesumptio,
547 2471 584 2517 ex
613 2453 668 2518 illo
697 2457 803 2519 antem
826 2454 945 2518 fructus
966 2452 1116 2536 spiritalis
1137 2452 1283 2517 scientiae
1306 2450 1419 2536 pullu-

263 2556 417 2628 tlabunt
454 2555 535 2622 nihil
564 2555 671 2640 itaque
699 2558 731 2622 in
759 2556 931 2623 conlatione
953 2556 1107 2622 seniorum
1129 2555 1268 2638 prolerre
1289 2556 1459 2634 aedessae

295 2660 357 2726 nisi
389 2659 472 2744 quod
503 2661 695 2744 interrogare
727 2662 760 2726 te
792 2665 845 2726 eut
878 2660 1032 2742 ignoratio
1066 2659 1209 2726 nocitura
1246 2663 1300 2724 eut
1332 2660 1419 2726 ratio

294 2765 487 2830 necessariae
519 2764 707 2848 cognitionis
742 2763 899 2846 inpulerit,
937 2767 974 2828 ut
1005 2760 1132 2846 quidem
1165 2781 1263 2828 uanae
1296 2763 1420 2846 glories

294 2882 399 2932 emore
438 2867 569 2932 distenti
601 2883 656 2950 pro
689 2867 895 2932 ostentatione
929 2866 1084 2932 doctrinae
1117 2883 1154 2930 ee
1186 2883 1263 2947 quae
1295 2865 1419 2948 optime

295 2969 410 3032 norunt
442 2968 634 3052 interrogare
663 2988 696 3034 sc
724 2968 884 3033 simulent.
922 2966 1104 3051 inpossibile
1138 2968 1222 3032 enim
1255 2971 1301 3033 est
1330 2985 1420 3044 oum,

294 3069 348 3152 qui
381 3070 538 3154 proposito
569 3071 776 3153 eoquuenoee
809 3071 910 3136 laudis
943 3070 1098 3136 humanae
1130 3071 1234 3136 studio
1267 3069 1459 3135 lectionisee

295 3171 424 3251 insistit,
454 3176 570 3240 donum
592 3191 683 3239 uerae
704 3175 852 3240 scientiae
873 3176 1052 3258 promereri.
1089 3193 1163 3240 nem
1185 3173 1240 3257 qui
1261 3173 1319 3238 laec
1338 3192 1419 3256 pas-

293 3276 380 3341 sione
410 3277 575 3342 deuiuctus
604 3282 662 3360 est,
696 3295 818 3344 neccsse
846 3279 894 3344 est
923 3280 958 3342 ut
988 3278 1059 3344 eliis
1083 3293 1203 3360 quoque
1226 3282 1257 3342 et
1279 3276 1419 3342 menime

295 3379 454 3461 superbies
477 3379 565 3445 uitiis
586 3379 758 3462 obligetur:
782 3382 814 3445 et
835 3380 882 3445 ita
903 3381 936 3445 iu
960 3381 1075 3445 actuali
1098 3385 1192 3462 atque
1213 3379 1316 3444 ethica
1337 3396 1418 3442 con-

295 3483 452 3565 gressione
479 3483 652 3565 prostratus
673 3475 840 3548 scientiam
863 3483 1037 3564 spiritalem
1059 3501 1137 3566 quae
1159 3500 1195 3546 cx
1217 3501 1254 3548 ea
1275 3482 1421 3548 nascitur

396 3704 473 3759 ere
494 3704 551 3771 100,
569 3705 637 3760 1-s

345 3909 516 3979 3intollegit
533 3908 655 3964 wroo
738 3901 903 3980 ispiritali'
920 3912 948 3961 Σ
977 3909 1095 3978 spiritali
1106 3907 1185 3965 HOo
1272 3911 1304 3963 11
1322 3906 1419 3960 iohan-

294 3997 337 4049 nis
353 3995 393 4048 11¹
422 4011 437 4049 o
456 3996 583 4050 iohannes
602 3998 628 4048 Y
711 3997 744 4051 12
760 3996 871 4052 adalim.
888 3997 918 4049 Π
1004 3997 1036 4051 13
1049 3996 1219 4051 ιοιιιιιοιιοΣ
1305 3996 1337 4048 15
1352 3998 1420 4061 poet

294 4084 429 4153 ingressus
456 4083 565 4138 addent
589 4083 712 4139 Hi'Oo:
748 4084 855 4138 omnis
882 4084 979 4152 quippe
1005 4083 1103 4138 labor
1129 4081 1277 4136 hominis
1304 4081 1339 4133 iu
1361 4095 1421 4134 ore

294 4169 406 4237 ipsius
419 4167 503 4233 (Eccl.
515 4172 580 4235 6,7)
592 4172 620 4223 ot
706 4169 740 4223 18
758 4169 930 4224 coenodoxiae
948 4171 976 4220 Σ
1061 4169 1157 4238 permit
1174 4168 1204 4218 Π
1289 4165 1323 4220 19
1340 4179 1419 4234 prae-

294 4255 394 4309 sumtio
411 4253 492 4322 ΣιΟ)
583 4255 616 4309 21
634 4257 878 4326 interrogationum
894 4258 921 4308 Τ
1003 4257 1037 4310 22
1054 4254 1201 4309 necessaria
1218 4253 1246 4304 Σ
1271 4253 1421 4306 necessarie

294 4341 320 4391 i'
411 4339 455 4410 ut]
473 4356 526 4394 non
545 4343 576 4394 nt
593 4343 618 4393 Τ
714 4341 749 4396 24
766 4343 807 4396 est
824 4343 894 4398 enim
912 4342 987 4396 Tor
1089 4341 1122 4394 27
1142 4337 1262 4394 deuictus
1280 4339 1349 4390 ΠΤ·
