<?xml version="1.0" encoding="UTF-8"?>
<!DOCTYPE html PUBLIC "-//W3C//DTD XHTML 1.0 Transitional//EN"
    "http://www.w3.org/TR/xhtml1/DTD/xhtml1-transitional.dtd">
<html xmlns="http://www.w3.org/1999/xhtml" xml:lang="en" lang="en">
 <head>
  <title>
</title>
<meta http-equiv="Content-Type" content="text/html;charset=utf-8" />
  <meta name='ocr-system' content='tesseract 3.04.00' />
  <meta name='ocr-capabilities' content='ocr_page ocr_carea ocr_par ocr_line ocrx_word'/>
</head>
<body>
  <div class='ocr_page' id='page_1' title='image "./corpusscriptoru14wiengoog_0849.png"; bbox 0 0 3009 5200; ppageno 0'>
   <div class='ocr_carea' id='block_1_1' title="bbox 482 447 1256 519">
    <p class='ocr_par' dir='ltr' id='par_1_1' title="bbox 482 447 1256 519">
     <span class='ocr_line' id='line_1_1' title="bbox 482 447 1256 519; baseline 0.017 -13"><span class='ocrx_word' id='word_1_1' title='bbox 482 449 639 506; x_wconf 87' lang='lat' dir='ltr'>Conlatio</span> <span class='ocrx_word' id='word_1_2' title='bbox 660 447 779 516; x_wconf 84' lang='lat' dir='ltr'>XXIIII,</span> <span class='ocrx_word' id='word_1_3' title='bbox 798 450 906 504; x_wconf 85' lang='grc'><strong>16-17.</strong></span> <span class='ocrx_word' id='word_1_4' title='bbox 1191 451 1256 519; x_wconf 83' lang='grc'>693</span> 
     </span>
    </p>
   </div>
   <div class='ocr_carea' id='block_1_2' title="bbox 101 639 1323 3509">
    <p class='ocr_par' dir='ltr' id='par_1_2' title="bbox 101 639 1323 3509">
     <span class='ocr_line' id='line_1_2' title="bbox 135 639 1254 726; baseline 0.001 -20"><span class='ocrx_word' id='word_1_5' title='bbox 135 643 201 708; x_wconf 86' lang='lat' dir='ltr'>tam</span> <span class='ocrx_word' id='word_1_6' title='bbox 225 639 348 706; x_wconf 84' lang='lat' dir='ltr'>sortitor</span> <span class='ocrx_word' id='word_1_7' title='bbox 370 641 490 707; x_wconf 90' lang='lat' dir='ltr'>resistit</span> <span class='ocrx_word' id='word_1_8' title='bbox 511 641 694 725; x_wconf 78' lang='lat' dir='ltr'>inpubibus,</span> <span class='ocrx_word' id='word_1_9' title='bbox 728 641 761 706; x_wconf 90' lang='lat' dir='ltr'>et</span> <span class='ocrx_word' id='word_1_10' title='bbox 783 657 819 705; x_wconf 84' lang='lat' dir='ltr'>ar</span> <span class='ocrx_word' id='word_1_11' title='bbox 840 640 907 706; x_wconf 90' lang='lat' dir='ltr'>illie</span> <span class='ocrx_word' id='word_1_12' title='bbox 927 639 1100 723; x_wconf 86' lang='lat' dir='ltr'>periculum</span> <span class='ocrx_word' id='word_1_13' title='bbox 1123 641 1254 726; x_wconf 81' lang='lat' dir='ltr'>mptini·</span> 
     </span>
     <span class='ocr_line' id='line_1_3' title="bbox 135 743 1255 827; baseline 0 -17"><span class='ocrx_word' id='word_1_14' title='bbox 135 745 210 810; x_wconf 84' lang='lat' dir='ltr'>tatis</span> <span class='ocrx_word' id='word_1_15' title='bbox 233 745 401 822; x_wconf 87' lang='lat' dir='ltr'>incurrere,</span> <span class='ocrx_word' id='word_1_16' title='bbox 424 745 457 808; x_wconf 93' lang='lat' dir='ltr'>in</span> <span class='ocrx_word' id='word_1_17' title='bbox 480 743 593 827; x_wconf 88' lang='lat' dir='ltr'>quibus</span> <span class='ocrx_word' id='word_1_18' title='bbox 616 743 786 810; x_wconf 74' lang='lat' dir='ltr'><strong>faciliorem</strong></span> <span class='ocrx_word' id='word_1_19' title='bbox 809 743 979 826; x_wconf 75' lang='lat' dir='ltr'><strong>proditioni</strong></span> <span class='ocrx_word' id='word_1_20' title='bbox 1001 744 1124 809; x_wconf 91' lang='lat' dir='ltr'>aditum</span> <span class='ocrx_word' id='word_1_21' title='bbox 1137 749 1255 810; x_wconf 82' lang='lat' dir='ltr'>reseret</span> 
     </span>
     <span class='ocr_line' id='line_1_4' title="bbox 134 846 1285 931; baseline 0.001 -18"><span class='ocrx_word' id='word_1_22' title='bbox 134 849 261 914; x_wconf 85' lang='lat' dir='ltr'>incanta</span> <span class='ocrx_word' id='word_1_23' title='bbox 297 847 445 913; x_wconf 86' lang='lat' dir='ltr'>custodia.</span> <span class='ocrx_word' id='word_1_24' title='bbox 489 847 534 912; x_wconf 93' lang='lat' dir='ltr'>sic</span> <span class='ocrx_word' id='word_1_25' title='bbox 569 862 702 930; x_wconf 84' lang='lat' dir='ltr'>namque</span> <span class='ocrx_word' id='word_1_26' title='bbox 736 846 865 911; x_wconf 88' lang='lat' dir='ltr'>Balaam</span> <span class='ocrx_word' id='word_1_27' title='bbox 902 847 1052 931; x_wconf 87' lang='lat' dir='ltr'>populum</span> <span class='ocrx_word' id='word_1_28' title='bbox 1084 848 1136 913; x_wconf 89' lang='lat' dir='ltr'>dei</span> <span class='ocrx_word' id='word_1_29' title='bbox 1167 861 1285 930; x_wconf 85' lang='lat' dir='ltr'>posea3</span> 
     </span>
     <span class='ocr_line' id='line_1_5' title="bbox 135 949 1254 1034; baseline -0.001 -17"><span class='ocrx_word' id='word_1_30' title='bbox 135 951 237 1034; x_wconf 90' lang='lat' dir='ltr'>decipi</span> <span class='ocrx_word' id='word_1_31' title='bbox 259 951 344 1016; x_wconf 86' lang='lat' dir='ltr'>certa</span> <span class='ocrx_word' id='word_1_32' title='bbox 365 950 486 1016; x_wconf 89' lang='lat' dir='ltr'>ratione</span> <span class='ocrx_word' id='word_1_33' title='bbox 508 949 644 1034; x_wconf 89' lang='lat' dir='ltr'>collegit,</span> <span class='ocrx_word' id='word_1_34' title='bbox 674 951 751 1014; x_wconf 88' lang='lat' dir='ltr'>dans</span> <span class='ocrx_word' id='word_1_35' title='bbox 775 949 937 1014; x_wconf 90' lang='lat' dir='ltr'>consilium</span> <span class='ocrx_word' id='word_1_36' title='bbox 960 952 996 1012; x_wconf 90' lang='lat' dir='ltr'>ut</span> <span class='ocrx_word' id='word_1_37' title='bbox 1018 968 1053 1014; x_wconf 86' lang='lat' dir='ltr'>er</span> <span class='ocrx_word' id='word_1_38' title='bbox 1074 949 1133 1015; x_wconf 93' lang='lat' dir='ltr'>illa</span> <span class='ocrx_word' id='word_1_39' title='bbox 1154 952 1254 1033; x_wconf 87' lang='lat' dir='ltr'>parte,</span> 
     </span>
     <span class='ocr_line' id='line_1_6' title="bbox 114 1051 1255 1140; baseline 0.001 -22"><span class='ocrx_word' id='word_1_40' title='bbox 114 1075 196 1140; x_wconf 80' lang='lat' dir='ltr'>aqua</span> <span class='ocrx_word' id='word_1_41' title='bbox 232 1054 384 1119; x_wconf 81' lang='lat' dir='ltr'>infirmari</span> <span class='ocrx_word' id='word_1_42' title='bbox 418 1055 548 1119; x_wconf 86' lang='lat' dir='ltr'>nouerat</span> <span class='ocrx_word' id='word_1_43' title='bbox 583 1051 664 1118; x_wconf 90' lang='lat' dir='ltr'>filios</span> <span class='ocrx_word' id='word_1_44' title='bbox 702 1051 831 1130; x_wconf 75' lang='lat' dir='ltr'>Israhel,</span> <span class='ocrx_word' id='word_1_45' title='bbox 869 1053 1034 1135; x_wconf 91' lang='lat' dir='ltr'>perniciosi</span> <span class='ocrx_word' id='word_1_46' title='bbox 1071 1052 1115 1118; x_wconf 90' lang='lat' dir='ltr'>eis</span> <span class='ocrx_word' id='word_1_47' title='bbox 1152 1054 1255 1136; x_wconf 88' lang='lat' dir='ltr'>laquei</span> 
     </span>
     <span class='ocr_line' id='line_1_7' title="bbox 135 1153 1255 1238; baseline -0.001 -15"><span class='ocrx_word' id='word_1_48' title='bbox 135 1159 346 1234; x_wconf 89' lang='lat' dir='ltr'>tenderentur,</span> <span class='ocrx_word' id='word_1_49' title='bbox 375 1174 435 1221; x_wconf 93' lang='lat' dir='ltr'>non</span> <span class='ocrx_word' id='word_1_50' title='bbox 464 1155 611 1223; x_wconf 88' lang='lat' dir='ltr'>dubitans</span> <span class='ocrx_word' id='word_1_51' title='bbox 633 1173 683 1220; x_wconf 86' lang='lat' dir='ltr'>eoo</span> <span class='ocrx_word' id='word_1_52' title='bbox 709 1155 816 1221; x_wconf 83' lang='lat' dir='ltr'>oblata</span> <span class='ocrx_word' id='word_1_53' title='bbox 838 1153 927 1238; x_wconf 87' lang='lat' dir='ltr'>copia</span> <span class='ocrx_word' id='word_1_54' title='bbox 947 1154 1135 1220; x_wconf 85' lang='lat' dir='ltr'>feminarum</span> <span class='ocrx_word' id='word_1_55' title='bbox 1159 1155 1255 1222; x_wconf 85' lang='lat' dir='ltr'>iorni·</span> 
     </span>
     <span class='ocr_line' id='line_1_8' title="bbox 136 1257 1255 1343; baseline -0.003 -15"><span class='ocrx_word' id='word_1_56' title='bbox 136 1261 266 1328; x_wconf 90' lang='lat' dir='ltr'>cationis</span> <span class='ocrx_word' id='word_1_57' title='bbox 288 1260 377 1326; x_wconf 87' lang='lat' dir='ltr'>mina</span> <span class='ocrx_word' id='word_1_58' title='bbox 391 1259 533 1343; x_wconf 85' lang='lat' dir='ltr'>protinus</span> <span class='ocrx_word' id='word_1_59' title='bbox 547 1258 757 1342; x_wconf 86' lang='lat' dir='ltr'>conlapsuros,</span> <span class='ocrx_word' id='word_1_60' title='bbox 776 1257 850 1342; x_wconf 90' lang='lat' dir='ltr'>quia</span> <span class='ocrx_word' id='word_1_61' title='bbox 864 1258 1116 1342; x_wconf 75' lang='lat' dir='ltr'><strong>concupiscibiles</strong></span> <span class='ocrx_word' id='word_1_62' title='bbox 1131 1259 1255 1325; x_wconf 81' lang='lat' dir='ltr'>animae</span> 
     </span>
     <span class='ocr_line' id='line_1_9' title="bbox 136 1361 1256 1448; baseline -0.002 -18"><span class='ocrx_word' id='word_1_63' title='bbox 136 1383 242 1430; x_wconf 85' lang='lat' dir='ltr'>eorum</span> <span class='ocrx_word' id='word_1_64' title='bbox 271 1367 374 1448; x_wconf 90' lang='lat' dir='ltr'>partes</span> <span class='ocrx_word' id='word_1_65' title='bbox 404 1362 519 1429; x_wconf 82' lang='lat' dir='ltr'>sciebat</span> <span class='ocrx_word' id='word_1_66' title='bbox 548 1381 612 1427; x_wconf 88' lang='lat' dir='ltr'>esse</span> <span class='ocrx_word' id='word_1_67' title='bbox 638 1364 806 1445; x_wconf 88' lang='lat' dir='ltr'>corruptas.</span> <span class='ocrx_word' id='word_1_68' title='bbox 843 1361 890 1426; x_wconf 89' lang='lat' dir='ltr'>ita</span> <span class='ocrx_word' id='word_1_69' title='bbox 913 1381 985 1446; x_wconf 86' lang='lat' dir='ltr'>ergo</span> <span class='ocrx_word' id='word_1_70' title='bbox 1006 1380 1256 1446; x_wconf 85' lang='lat' dir='ltr'>unumquemque</span> 
     </span>
     <span class='ocr_line' id='line_1_10' title="bbox 137 1465 1255 1548; baseline -0.003 -15"><span class='ocrx_word' id='word_1_71' title='bbox 137 1471 278 1533; x_wconf 89' lang='lat' dir='ltr'>nostrum</span> <span class='ocrx_word' id='word_1_72' title='bbox 300 1465 455 1548; x_wconf 87' lang='lat' dir='ltr'>nequitiae</span> <span class='ocrx_word' id='word_1_73' title='bbox 478 1465 635 1548; x_wconf 91' lang='lat' dir='ltr'>spiritales</span> <span class='ocrx_word' id='word_1_74' title='bbox 664 1467 793 1531; x_wconf 88' lang='lat' dir='ltr'>uersuta</span> <span class='ocrx_word' id='word_1_75' title='bbox 815 1465 1015 1548; x_wconf 83' lang='lat' dir='ltr'>malignitate</span> <span class='ocrx_word' id='word_1_76' title='bbox 1035 1466 1255 1548; x_wconf 67' lang='lat' dir='ltr'>pertemptant,</span> 
     </span>
     <span class='ocr_line' id='line_1_11' title="bbox 103 1567 1306 1652; baseline -0.01 -12"><span class='ocrx_word' id='word_1_77' title='bbox 103 1571 203 1640; x_wconf 86' lang='lat' dir='ltr'>roillis</span> <span class='ocrx_word' id='word_1_78' title='bbox 227 1571 389 1652; x_wconf 86' lang='lat' dir='ltr'>praecipue</span> <span class='ocrx_word' id='word_1_79' title='bbox 412 1567 585 1634; x_wconf 73' lang='lat' dir='ltr'><strong>adfectibus</strong></span> <span class='ocrx_word' id='word_1_80' title='bbox 615 1569 736 1633; x_wconf 85' lang='lat' dir='ltr'>animae</span> <span class='ocrx_word' id='word_1_81' title='bbox 760 1567 924 1634; x_wconf 87' lang='lat' dir='ltr'>insidiosos</span> <span class='ocrx_word' id='word_1_82' title='bbox 952 1569 1079 1650; x_wconf 80' lang='lat' dir='ltr'>laqueos</span> <span class='ocrx_word' id='word_1_83' title='bbox 1101 1569 1256 1650; x_wconf 87' lang='lat' dir='ltr'>praeetrn·</span> <span class='ocrx_word' id='word_1_84' title='bbox 1299 1614 1306 1628; x_wconf 88' lang='lat'><strong>.</strong></span> 
     </span>
     <span class='ocr_line' id='line_1_12' title="bbox 137 1672 1256 1757; baseline -0.004 -17"><span class='ocrx_word' id='word_1_85' title='bbox 137 1677 235 1754; x_wconf 89' lang='lat' dir='ltr'>entes,</span> <span class='ocrx_word' id='word_1_86' title='bbox 266 1673 378 1757; x_wconf 87' lang='lat' dir='ltr'>quibus</span> <span class='ocrx_word' id='word_1_87' title='bbox 408 1689 475 1736; x_wconf 88' lang='lat' dir='ltr'>eam</span> <span class='ocrx_word' id='word_1_88' title='bbox 504 1672 657 1738; x_wconf 77' lang='lat' dir='ltr'>senserint</span> <span class='ocrx_word' id='word_1_89' title='bbox 686 1675 857 1756; x_wconf 74' lang='lat' dir='ltr'>aegrotare,</span> <span class='ocrx_word' id='word_1_90' title='bbox 887 1673 924 1736; x_wconf 90' lang='lat' dir='ltr'>ut</span> <span class='ocrx_word' id='word_1_91' title='bbox 952 1673 1039 1737; x_wconf 89' lang='lat' dir='ltr'>uerbi</span> <span class='ocrx_word' id='word_1_92' title='bbox 1061 1674 1163 1756; x_wconf 86' lang='lat' dir='ltr'>gratia</span> <span class='ocrx_word' id='word_1_93' title='bbox 1186 1691 1256 1738; x_wconf 88' lang='lat' dir='ltr'>cum</span> 
     </span>
     <span class='ocr_line' id='line_1_13' title="bbox 137 1774 1257 1858; baseline -0.003 -16"><span class='ocrx_word' id='word_1_94' title='bbox 137 1777 274 1842; x_wconf 88' lang='lat' dir='ltr'>uiderint</span> <span class='ocrx_word' id='word_1_95' title='bbox 295 1775 497 1842; x_wconf 74' lang='lat' dir='ltr'>rationabiles</span> <span class='ocrx_word' id='word_1_96' title='bbox 519 1774 642 1840; x_wconf 86' lang='lat' dir='ltr'>animae</span> <span class='ocrx_word' id='word_1_97' title='bbox 666 1778 791 1840; x_wconf 89' lang='lat' dir='ltr'>nostras</span> <span class='ocrx_word' id='word_1_98' title='bbox 823 1777 927 1858; x_wconf 86' lang='lat' dir='ltr'>partos</span> <span class='ocrx_word' id='word_1_99' title='bbox 950 1793 1018 1839; x_wconf 91' lang='lat' dir='ltr'>esse</span> <span class='ocrx_word' id='word_1_100' title='bbox 1039 1775 1178 1854; x_wconf 88' lang='lat' dir='ltr'>uitiatas,</span> <span class='ocrx_word' id='word_1_101' title='bbox 1201 1774 1257 1839; x_wconf 93' lang='lat' dir='ltr'>illo</span> 
     </span>
     <span class='ocr_line' id='line_1_14' title="bbox 135 1877 1256 1962; baseline -0.003 -17"><span class='ocrx_word' id='word_1_102' title='bbox 135 1898 192 1946; x_wconf 91' lang='lat' dir='ltr'>nos</span> <span class='ocrx_word' id='word_1_103' title='bbox 226 1880 332 1945; x_wconf 90' lang='lat' dir='ltr'>ordine</span> <span class='ocrx_word' id='word_1_104' title='bbox 362 1879 501 1961; x_wconf 86' lang='lat' dir='ltr'>decipere</span> <span class='ocrx_word' id='word_1_105' title='bbox 535 1877 714 1960; x_wconf 88' lang='lat' dir='ltr'>moliantur,</span> <span class='ocrx_word' id='word_1_106' title='bbox 748 1895 808 1960; x_wconf 91' lang='lat' dir='ltr'>qno</span> <span class='ocrx_word' id='word_1_107' title='bbox 843 1878 951 1944; x_wconf 81' lang='lat' dir='ltr'><strong>Achab</strong></span> <span class='ocrx_word' id='word_1_108' title='bbox 983 1897 1089 1962; x_wconf 86' lang='lat' dir='ltr'>regem</span> <span class='ocrx_word' id='word_1_109' title='bbox 1118 1880 1156 1944; x_wconf 87' lang='lat' dir='ltr'>ab</span> <span class='ocrx_word' id='word_1_110' title='bbox 1191 1879 1256 1944; x_wconf 91' lang='lat' dir='ltr'>illis</span> 
     </span>
     <span class='ocr_line' id='line_1_15' title="bbox 137 1979 1286 2067; baseline -0.003 -17"><span class='ocrx_word' id='word_1_111' title='bbox 137 1983 222 2067; x_wconf 79' lang='lat' dir='ltr'>Syris</span> <span class='ocrx_word' id='word_1_112' title='bbox 244 1984 407 2066; x_wconf 85' lang='lat' dir='ltr'>deceptum</span> <span class='ocrx_word' id='word_1_113' title='bbox 427 1983 581 2063; x_wconf 87' lang='lat' dir='ltr'>scriptura</span> <span class='ocrx_word' id='word_1_114' title='bbox 602 1983 833 2058; x_wconf 84' lang='lat' dir='ltr'>commemoret,</span> <span class='ocrx_word' id='word_1_115' title='bbox 857 1979 910 2062; x_wconf 85' lang='lat' dir='ltr'>qui</span> <span class='ocrx_word' id='word_1_116' title='bbox 926 1980 1084 2046; x_wconf 85' lang='lat' dir='ltr'>dixerunt:</span> <span class='ocrx_word' id='word_1_117' title='bbox 1108 1980 1286 2054; x_wconf 84' lang='lat' dir='ltr'>scimus4</span> 
     </span>
     <span class='ocr_line' id='line_1_16' title="bbox 101 2083 1256 2171; baseline -0.004 -17"><span class='ocrx_word' id='word_1_118' title='bbox 101 2087 237 2171; x_wconf 81' lang='lat' dir='ltr'>nequod</span> <span class='ocrx_word' id='word_1_119' title='bbox 269 2103 381 2170; x_wconf 88' lang='lat' dir='ltr'>reges</span> <span class='ocrx_word' id='word_1_120' title='bbox 417 2083 574 2149; x_wconf 88' lang='lat' dir='ltr'>Israhel</span> <span class='ocrx_word' id='word_1_121' title='bbox 607 2083 888 2149; x_wconf 87' lang='lat' dir='ltr'>misericordes</span> <span class='ocrx_word' id='word_1_122' title='bbox 924 2085 1032 2148; x_wconf 85' lang='lat' dir='ltr'>sunt:</span> <span class='ocrx_word' id='word_1_123' title='bbox 1069 2101 1256 2167; x_wconf 81' lang='lat' dir='ltr'>ponemus</span> 
     </span>
     <span class='ocr_line' id='line_1_17' title="bbox 136 2186 1255 2270; baseline -0.002 -17"><span class='ocrx_word' id='word_1_124' title='bbox 136 2189 270 2270; x_wconf 87' lang='lat' dir='ltr'>itaque</span> <span class='ocrx_word' id='word_1_125' title='bbox 302 2205 437 2253; x_wconf 86' lang='lat' dir='ltr'>saccos</span> <span class='ocrx_word' id='word_1_126' title='bbox 470 2190 509 2252; x_wconf 92' lang='lat' dir='ltr'>iu</span> <span class='ocrx_word' id='word_1_127' title='bbox 543 2187 689 2252; x_wconf 90' lang='lat' dir='ltr'>lumbis</span> <span class='ocrx_word' id='word_1_128' title='bbox 721 2187 888 2265; x_wconf 87' lang='lat' dir='ltr'>nostris,</span> <span class='ocrx_word' id='word_1_129' title='bbox 918 2188 957 2251; x_wconf 89' lang='lat' dir='ltr'>at</span> <span class='ocrx_word' id='word_1_130' title='bbox 985 2186 1191 2252; x_wconf 82' lang='lat' dir='ltr'>funiculos</span> <span class='ocrx_word' id='word_1_131' title='bbox 1217 2187 1255 2251; x_wconf 94' lang='lat' dir='ltr'>in</span> 
     </span>
     <span class='ocr_line' id='line_1_18' title="bbox 137 2289 1255 2376; baseline -0.004 -18"><span class='ocrx_word' id='word_1_132' title='bbox 137 2291 341 2376; x_wconf 86' lang='lat' dir='ltr'>capitibus</span> <span class='ocrx_word' id='word_1_133' title='bbox 364 2292 526 2370; x_wconf 89' lang='lat' dir='ltr'>nostris,</span> <span class='ocrx_word' id='word_1_134' title='bbox 549 2291 588 2354; x_wconf 92' lang='lat' dir='ltr'>et</span> <span class='ocrx_word' id='word_1_135' title='bbox 609 2291 860 2373; x_wconf 80' lang='lat' dir='ltr'>egrediamur</span> <span class='ocrx_word' id='word_1_136' title='bbox 880 2290 925 2356; x_wconf 86' lang='lat' dir='ltr'>ed</span> <span class='ocrx_word' id='word_1_137' title='bbox 940 2308 1069 2373; x_wconf 86' lang='lat' dir='ltr'>regem</span> <span class='ocrx_word' id='word_1_138' title='bbox 1084 2289 1255 2366; x_wconf 87' lang='lat' dir='ltr'>Israhel,</span> 
     </span>
     <span class='ocr_line' id='line_1_19' title="bbox 136 2394 1257 2461; baseline -0.001 0"><span class='ocrx_word' id='word_1_139' title='bbox 136 2401 174 2461; x_wconf 91' lang='lat' dir='ltr'>et</span> <span class='ocrx_word' id='word_1_140' title='bbox 205 2395 378 2460; x_wconf 88' lang='lat' dir='ltr'>dicemus</span> <span class='ocrx_word' id='word_1_141' title='bbox 408 2394 458 2460; x_wconf 87' lang='lat' dir='ltr'>ai:</span> <span class='ocrx_word' id='word_1_142' title='bbox 488 2413 628 2459; x_wconf 87' lang='lat' dir='ltr'>seruus</span> <span class='ocrx_word' id='word_1_143' title='bbox 659 2399 749 2460; x_wconf 88' lang='lat' dir='ltr'>tuus</span> <span class='ocrx_word' id='word_1_144' title='bbox 778 2395 962 2460; x_wconf 91' lang='lat' dir='ltr'>Banadab</span> <span class='ocrx_word' id='word_1_145' title='bbox 990 2394 1109 2460; x_wconf 87' lang='lat' dir='ltr'>dicit:</span> <span class='ocrx_word' id='word_1_146' title='bbox 1143 2396 1257 2460; x_wconf 90' lang='lat' dir='ltr'>uiuat</span> 
     </span>
     <span class='ocr_line' id='line_1_20' title="bbox 136 2497 1257 2580; baseline -0.001 -17"><span class='ocrx_word' id='word_1_147' title='bbox 136 2514 200 2564; x_wconf 95' lang='lat' dir='ltr'>oro</span> <span class='ocrx_word' id='word_1_148' title='bbox 229 2497 358 2564; x_wconf 90' lang='lat' dir='ltr'>anima</span> <span class='ocrx_word' id='word_1_149' title='bbox 382 2517 480 2576; x_wconf 87' lang='lat' dir='ltr'>mea,</span> <span class='ocrx_word' id='word_1_150' title='bbox 510 2498 621 2580; x_wconf 88' lang='lat' dir='ltr'>quibus</span> <span class='ocrx_word' id='word_1_151' title='bbox 650 2497 704 2563; x_wconf 92' lang='lat' dir='ltr'>ille</span> <span class='ocrx_word' id='word_1_152' title='bbox 733 2515 794 2562; x_wconf 92' lang='lat' dir='ltr'>non</span> <span class='ocrx_word' id='word_1_153' title='bbox 825 2517 901 2564; x_wconf 88' lang='lat' dir='ltr'>nera</span> <span class='ocrx_word' id='word_1_154' title='bbox 926 2497 1055 2580; x_wconf 87' lang='lat' dir='ltr'>pietate,</span> <span class='ocrx_word' id='word_1_155' title='bbox 1089 2498 1144 2562; x_wconf 87' lang='lat' dir='ltr'>sed</span> <span class='ocrx_word' id='word_1_156' title='bbox 1173 2515 1257 2564; x_wconf 87' lang='lat' dir='ltr'>uana</span> 
     </span>
     <span class='ocr_line' id='line_1_21' title="bbox 101 2601 1256 2685; baseline 0.001 -19"><span class='ocrx_word' id='word_1_157' title='bbox 101 2602 364 2669; x_wconf 75' lang='lat' dir='ltr'>comisericordioe</span> <span class='ocrx_word' id='word_1_158' title='bbox 375 2603 466 2668; x_wconf 88' lang='lat' dir='ltr'>lauda</span> <span class='ocrx_word' id='word_1_159' title='bbox 478 2605 636 2685; x_wconf 89' lang='lat' dir='ltr'>permotus</span> <span class='ocrx_word' id='word_1_160' title='bbox 652 2604 685 2667; x_wconf 90' lang='lat' dir='ltr'>si</span> <span class='ocrx_word' id='word_1_161' title='bbox 701 2602 845 2677; x_wconf 90' lang='lat' dir='ltr'>adhuc,</span> <span class='ocrx_word' id='word_1_162' title='bbox 859 2601 971 2684; x_wconf 87' lang='lat' dir='ltr'>inquit,</span> <span class='ocrx_word' id='word_1_163' title='bbox 987 2601 1110 2682; x_wconf 92' lang='lat' dir='ltr'>uiuit,</span> <span class='ocrx_word' id='word_1_164' title='bbox 1130 2602 1256 2667; x_wconf 87' lang='lat' dir='ltr'>irater</span> 
     </span>
     <span class='ocr_line' id='line_1_22' title="bbox 135 2704 1256 2789; baseline 0.002 -20"><span class='ocrx_word' id='word_1_165' title='bbox 135 2724 240 2769; x_wconf 88' lang='lat' dir='ltr'>meus</span> <span class='ocrx_word' id='word_1_166' title='bbox 263 2706 340 2784; x_wconf 89' lang='lat' dir='ltr'>est,</span> <span class='ocrx_word' id='word_1_167' title='bbox 362 2710 395 2769; x_wconf 89' lang='lat' dir='ltr'>et</span> <span class='ocrx_word' id='word_1_168' title='bbox 416 2705 474 2771; x_wconf 90' lang='lat' dir='ltr'>boc</span> <span class='ocrx_word' id='word_1_169' title='bbox 495 2706 634 2789; x_wconf 83' lang='lat' dir='ltr'>exemplo</span> <span class='ocrx_word' id='word_1_170' title='bbox 657 2705 751 2771; x_wconf 89' lang='lat' dir='ltr'>otiam</span> <span class='ocrx_word' id='word_1_171' title='bbox 774 2722 831 2769; x_wconf 90' lang='lat' dir='ltr'>nos</span> <span class='ocrx_word' id='word_1_172' title='bbox 845 2704 1042 2772; x_wconf 89' lang='lat' dir='ltr'>rationabilis</span> <span class='ocrx_word' id='word_1_173' title='bbox 1057 2704 1143 2771; x_wconf 89' lang='lat' dir='ltr'>illiue</span> <span class='ocrx_word' id='word_1_174' title='bbox 1157 2706 1256 2788; x_wconf 87' lang='lat' dir='ltr'>partis</span> 
     </span>
     <span class='ocr_line' id='line_1_23' title="bbox 135 2807 1256 2891; baseline 0 -18"><span class='ocrx_word' id='word_1_175' title='bbox 135 2824 236 2873; x_wconf 86' lang='lat' dir='ltr'>errore</span> <span class='ocrx_word' id='word_1_176' title='bbox 274 2811 415 2891; x_wconf 88' lang='lat' dir='ltr'>deceptos</span> <span class='ocrx_word' id='word_1_177' title='bbox 452 2809 524 2873; x_wconf 91' lang='lat' dir='ltr'>inde</span> <span class='ocrx_word' id='word_1_178' title='bbox 561 2807 717 2874; x_wconf 89' lang='lat' dir='ltr'>incurrere</span> <span class='ocrx_word' id='word_1_179' title='bbox 754 2807 902 2873; x_wconf 86' lang='lat' dir='ltr'>offensam</span> <span class='ocrx_word' id='word_1_180' title='bbox 935 2808 986 2873; x_wconf 90' lang='lat' dir='ltr'>dei</span> <span class='ocrx_word' id='word_1_181' title='bbox 1018 2808 1145 2887; x_wconf 81' lang='lat' dir='ltr'>famant,</span> <span class='ocrx_word' id='word_1_182' title='bbox 1176 2810 1256 2873; x_wconf 89' lang='lat' dir='ltr'>uude</span> 
     </span>
     <span class='ocr_line' id='line_1_24' title="bbox 136 2910 1256 2994; baseline 0.001 -20"><span class='ocrx_word' id='word_1_183' title='bbox 136 2913 353 2977; x_wconf 85' lang='lat' dir='ltr'>consecuturos</span> <span class='ocrx_word' id='word_1_184' title='bbox 383 2910 558 2977; x_wconf 89' lang='lat' dir='ltr'>mercedem</span> <span class='ocrx_word' id='word_1_185' title='bbox 586 2928 624 2977; x_wconf 85' lang='lat' dir='ltr'>ac</span> <span class='ocrx_word' id='word_1_186' title='bbox 659 2914 837 2992; x_wconf 87' lang='lat' dir='ltr'>recepturos</span> <span class='ocrx_word' id='word_1_187' title='bbox 872 2929 929 2975; x_wconf 88' lang='lat' dir='ltr'>nos</span> <span class='ocrx_word' id='word_1_188' title='bbox 961 2910 1088 2993; x_wconf 87' lang='lat' dir='ltr'>pietatis</span> <span class='ocrx_word' id='word_1_189' title='bbox 1118 2911 1256 2994; x_wconf 89' lang='lat' dir='ltr'>praemia</span> 
     </span>
     <span class='ocr_line' id='line_1_25' title="bbox 136 3013 1286 3098; baseline 0.001 -21"><span class='ocrx_word' id='word_1_190' title='bbox 136 3014 347 3091; x_wconf 88' lang='lat' dir='ltr'>credebamus,</span> <span class='ocrx_word' id='word_1_191' title='bbox 370 3014 526 3098; x_wconf 87' lang='lat' dir='ltr'>similique</span> <span class='ocrx_word' id='word_1_192' title='bbox 549 3014 645 3079; x_wconf 85' lang='lat' dir='ltr'>etiam</span> <span class='ocrx_word' id='word_1_193' title='bbox 667 3014 757 3080; x_wconf 90' lang='lat' dir='ltr'>nobie</span> <span class='ocrx_word' id='word_1_194' title='bbox 773 3014 983 3095; x_wconf 88' lang='lat' dir='ltr'>increpatione</span> <span class='ocrx_word' id='word_1_195' title='bbox 1005 3013 1143 3079; x_wconf 85' lang='lat' dir='ltr'>dicatur:</span> <span class='ocrx_word' id='word_1_196' title='bbox 1165 3014 1286 3096; x_wconf 81' lang='lat' dir='ltr'>quia5</span> 
     </span>
     <span class='ocr_line' id='line_1_26' title="bbox 101 3116 1257 3198; baseline -0.001 -16"><span class='ocrx_word' id='word_1_197' title='bbox 101 3116 335 3183; x_wconf 76' lang='lat' dir='ltr'>mdimisisti</span> <span class='ocrx_word' id='word_1_198' title='bbox 364 3116 492 3181; x_wconf 87' lang='lat' dir='ltr'>uirum</span> <span class='ocrx_word' id='word_1_199' title='bbox 521 3118 684 3198; x_wconf 86' lang='lat' dir='ltr'>dignum</span> <span class='ocrx_word' id='word_1_200' title='bbox 713 3119 837 3182; x_wconf 91' lang='lat' dir='ltr'>morte</span> <span class='ocrx_word' id='word_1_201' title='bbox 867 3120 912 3183; x_wconf 93' lang='lat' dir='ltr'>de</span> <span class='ocrx_word' id='word_1_202' title='bbox 941 3135 1053 3182; x_wconf 90' lang='lat' dir='ltr'>manu</span> <span class='ocrx_word' id='word_1_203' title='bbox 1075 3118 1257 3197; x_wconf 87' lang='lat' dir='ltr'>tua,erit</span> 
     </span>
     <span class='ocr_line' id='line_1_27' title="bbox 136 3218 1254 3303; baseline 0 -19"><span class='ocrx_word' id='word_1_204' title='bbox 136 3218 264 3284; x_wconf 86' lang='lat' dir='ltr'>anima</span> <span class='ocrx_word' id='word_1_205' title='bbox 299 3221 366 3285; x_wconf 83' lang='lat' dir='ltr'>tua</span> <span class='ocrx_word' id='word_1_206' title='bbox 398 3237 463 3301; x_wconf 86' lang='lat' dir='ltr'>pro</span> <span class='ocrx_word' id='word_1_207' title='bbox 496 3220 624 3285; x_wconf 87' lang='lat' dir='ltr'>anima</span> <span class='ocrx_word' id='word_1_208' title='bbox 657 3219 757 3297; x_wconf 88' lang='lat' dir='ltr'>eius,</span> <span class='ocrx_word' id='word_1_209' title='bbox 793 3219 832 3284; x_wconf 92' lang='lat' dir='ltr'>et</span> <span class='ocrx_word' id='word_1_210' title='bbox 864 3220 1032 3303; x_wconf 88' lang='lat' dir='ltr'>populus</span> <span class='ocrx_word' id='word_1_211' title='bbox 1065 3223 1157 3286; x_wconf 89' lang='lat' dir='ltr'>tuus</span> <span class='ocrx_word' id='word_1_212' title='bbox 1188 3239 1254 3303; x_wconf 89' lang='lat' dir='ltr'>pro</span> 
     </span>
     <span class='ocr_line' id='line_1_28' title="bbox 135 3321 1255 3404; baseline 0.001 -18"><span class='ocrx_word' id='word_1_213' title='bbox 135 3321 277 3404; x_wconf 90' lang='lat' dir='ltr'>populo</span> <span class='ocrx_word' id='word_1_214' title='bbox 300 3321 394 3385; x_wconf 90' lang='lat' dir='ltr'>eius.</span> <span class='ocrx_word' id='word_1_215' title='bbox 432 3321 499 3385; x_wconf 88' lang='lat' dir='ltr'>siue</span> <span class='ocrx_word' id='word_1_216' title='bbox 515 3339 586 3387; x_wconf 91' lang='lat' dir='ltr'>cum</span> <span class='ocrx_word' id='word_1_217' title='bbox 601 3322 728 3403; x_wconf 87' lang='lat' dir='ltr'>spiritus</span> <span class='ocrx_word' id='word_1_218' title='bbox 751 3322 920 3398; x_wconf 84' lang='lat' dir='ltr'>inmundus</span> <span class='ocrx_word' id='word_1_219' title='bbox 936 3323 1032 3387; x_wconf 92' lang='lat' dir='ltr'>dicit:</span> <span class='ocrx_word' id='word_1_220' title='bbox 1054 3324 1255 3404; x_wconf 86' lang='lat' dir='ltr'>egrediar,</span> 
     </span>
     <span class='ocr_line' id='line_1_29' title="bbox 137 3423 1323 3509; baseline 0.003 -22"><span class='ocrx_word' id='word_1_221' title='bbox 137 3425 173 3487; x_wconf 89' lang='lat' dir='ltr'>et</span> <span class='ocrx_word' id='word_1_222' title='bbox 195 3440 258 3487; x_wconf 88' lang='lat' dir='ltr'>aro</span> <span class='ocrx_word' id='word_1_223' title='bbox 281 3423 451 3505; x_wconf 87' lang='lat' dir='ltr'>spiritus</span> <span class='ocrx_word' id='word_1_224' title='bbox 474 3424 689 3489; x_wconf 84' lang='lat' dir='ltr'>mendaxin</span> <span class='ocrx_word' id='word_1_225' title='bbox 707 3427 949 3489; x_wconf 91' lang='lat' dir='ltr'>oreomnium</span> <span class='ocrx_word' id='word_1_226' title='bbox 972 3428 1255 3509; x_wconf 89' lang='lat' dir='ltr'>prophetarum</span> <span class='ocrx_word' id='word_1_227' title='bbox 1320 3498 1323 3502; x_wconf 10' lang='grc' dir='ltr'><strong><em>ἵ</em></strong></span> 
     </span>
    </p>
   </div>
   <div class='ocr_carea' id='block_1_3' title="bbox 24 3608 1187 3782">
    <p class='ocr_par' dir='ltr' id='par_1_3' title="bbox 24 3608 1187 3782">
     <span class='ocr_line' id='line_1_30' title="bbox 236 3608 1187 3680; baseline 0.002 -15"><span class='ocrx_word' id='word_1_228' title='bbox 236 3611 310 3665; x_wconf 72' lang='lat' dir='ltr'>aer.</span> <span class='ocrx_word' id='word_1_229' title='bbox 329 3608 411 3663; x_wconf 80' lang='lat' dir='ltr'>uum.</span> <span class='ocrx_word' id='word_1_230' title='bbox 432 3610 474 3665; x_wconf 74' lang='lat' dir='ltr'>aa.</span> <span class='ocrx_word' id='word_1_231' title='bbox 509 3612 593 3679; x_wconf 66' lang='lat' dir='ltr'>epos.</span> <span class='ocrx_word' id='word_1_232' title='bbox 616 3613 641 3677; x_wconf 81' lang='lat' dir='ltr'>a,</span> <span class='ocrx_word' id='word_1_233' title='bbox 665 3611 698 3665; x_wconf 87' lang='lat'>14</span> <span class='ocrx_word' id='word_1_234' title='bbox 818 3611 1187 3680; x_wconf 77' lang='lat' dir='ltr'>14111Reg.20,31-32</span> 
     </span>
     <span class='ocr_line' id='line_1_31' title="bbox 24 3696 950 3782; baseline -0.001 -29"><span class='ocrx_word' id='word_1_235' title='bbox 24 3774 28 3782; x_wconf 25' lang='grc' dir='ltr'>Ι</span> <span class='ocrx_word' id='word_1_236' title='bbox 134 3698 320 3753; x_wconf 73' lang='lat' dir='ltr'>concae·</span> <span class='ocrx_word' id='word_1_237' title='bbox 399 3696 558 3751; x_wconf 75' lang='lat' dir='ltr'>sonum</span> <span class='ocrx_word' id='word_1_238' title='bbox 660 3698 950 3767; x_wconf 61' lang='lat' dir='ltr'>aerumpnam</span> 
     </span>
    </p>
   </div>
   <div class='ocr_carea' id='block_1_4' title="bbox 134 3868 1256 4456">
    <p class='ocr_par' dir='ltr' id='par_1_4' title="bbox 134 3868 1256 4456">
     <span class='ocr_line' id='line_1_32' title="bbox 186 3868 1256 3940; baseline 0 -17"><span class='ocrx_word' id='word_1_239' title='bbox 186 3870 203 3923; x_wconf 80' lang='lat'><strong>2</strong></span> <span class='ocrx_word' id='word_1_240' title='bbox 230 3868 390 3937; x_wconf 83' lang='lat' dir='ltr'>proditionis</span> <span class='ocrx_word' id='word_1_241' title='bbox 418 3870 441 3926; x_wconf 91' lang='lat'><em>0</em></span> <span class='ocrx_word' id='word_1_242' title='bbox 547 3872 563 3923; x_wconf 89' lang='lat'><strong>3</strong></span> <span class='ocrx_word' id='word_1_243' title='bbox 591 3869 715 3925; x_wconf 83' lang='lat' dir='ltr'>balcham</span> <span class='ocrx_word' id='word_1_244' title='bbox 744 3870 767 3927; x_wconf 91' lang='grc'><strong>0</strong></span> <span class='ocrx_word' id='word_1_245' title='bbox 867 3872 886 3927; x_wconf 81' lang='grc'>4</span> <span class='ocrx_word' id='word_1_246' title='bbox 910 3871 1017 3940; x_wconf 78' lang='lat' dir='ltr'>colligit</span> <span class='ocrx_word' id='word_1_247' title='bbox 1042 3871 1061 3940; x_wconf 81' lang='grc' dir='ltr'><strong><em>β</em></strong></span> <span class='ocrx_word' id='word_1_248' title='bbox 1162 3871 1180 3925; x_wconf 80' lang='lat' dir='ltr'>b</span> <span class='ocrx_word' id='word_1_249' title='bbox 1205 3870 1256 3924; x_wconf 88' lang='lat' dir='ltr'>iarl</span> 
     </span>
     <span class='ocr_line' id='line_1_33' title="bbox 135 3955 1256 4025; baseline 0 -14"><span class='ocrx_word' id='word_1_250' title='bbox 135 3955 185 4025; x_wconf 69' lang='lat' dir='ltr'>Fe</span> <span class='ocrx_word' id='word_1_251' title='bbox 271 3955 366 4023; x_wconf 87' lang='lat' dir='ltr'>pernit.</span> <span class='ocrx_word' id='word_1_252' title='bbox 383 3955 412 4010; x_wconf 88' lang='lat' dir='ltr'><strong><em>B</em></strong></span> <span class='ocrx_word' id='word_1_253' title='bbox 498 3956 657 4025; x_wconf 71' lang='lat' dir='ltr'>bspiritalis</span> <span class='ocrx_word' id='word_1_254' title='bbox 671 3956 735 4013; x_wconf 86' lang='lat' dir='ltr'>OK¹</span> <span class='ocrx_word' id='word_1_255' title='bbox 823 3958 856 4012; x_wconf 87' lang='lat'>10</span> <span class='ocrx_word' id='word_1_256' title='bbox 873 3956 1020 4012; x_wconf 81' lang='lat' dir='ltr'>adfectibus</span> <span class='ocrx_word' id='word_1_257' title='bbox 1038 3956 1092 4011; x_wconf 80' lang='lat' dir='ltr'>K¹z</span> <span class='ocrx_word' id='word_1_258' title='bbox 1119 3956 1256 4013; x_wconf 79' lang='lat' dir='ltr'>effectibus</span> 
     </span>
     <span class='ocr_line' id='line_1_34' title="bbox 140 4041 1256 4111; baseline -0.001 -14"><span class='ocrx_word' id='word_1_259' title='bbox 140 4041 163 4097; x_wconf 91' lang='lat'><em>0</em></span> <span class='ocrx_word' id='word_1_260' title='bbox 191 4042 236 4097; x_wconf 83' lang='lat' dir='ltr'>ali.</span> <span class='ocrx_word' id='word_1_261' title='bbox 253 4042 310 4095; x_wconf 83' lang='lat' dir='ltr'>rell.</span> <span class='ocrx_word' id='word_1_262' title='bbox 409 4044 441 4097; x_wconf 93' lang='lat'>11</span> <span class='ocrx_word' id='word_1_263' title='bbox 459 4043 586 4110; x_wconf 90' lang='lat' dir='ltr'>quumO</span> <span class='ocrx_word' id='word_1_264' title='bbox 689 4044 720 4097; x_wconf 88' lang='grc'>13</span> <span class='ocrx_word' id='word_1_265' title='bbox 738 4043 807 4097; x_wconf 85' lang='lat' dir='ltr'>abab</span> <span class='ocrx_word' id='word_1_266' title='bbox 824 4043 862 4097; x_wconf 70' lang='lat' dir='ltr'>F*</span> <span class='ocrx_word' id='word_1_267' title='bbox 891 4043 1018 4100; x_wconf 87' lang='lat' dir='ltr'>acath</span> <span class='ocrx_word' id='word_1_268' title='bbox 1115 4045 1148 4097; x_wconf 80' lang='lat'>15</span> <span class='ocrx_word' id='word_1_269' title='bbox 1165 4042 1215 4097; x_wconf 78' lang='lat' dir='ltr'>uari</span> <span class='ocrx_word' id='word_1_270' title='bbox 1231 4044 1256 4111; x_wconf 78' lang='grc' dir='ltr'>β,</span> 
     </span>
     <span class='ocr_line' id='line_1_35' title="bbox 134 4128 1256 4199; baseline 0 -16"><span class='ocrx_word' id='word_1_271' title='bbox 134 4129 199 4183; x_wconf 68' lang='lat' dir='ltr'>dm</span> <span class='ocrx_word' id='word_1_272' title='bbox 214 4128 291 4193; x_wconf 70' lang='lat' dir='ltr'>iresca</span> <span class='ocrx_word' id='word_1_273' title='bbox 387 4130 421 4183; x_wconf 85' lang='grc'>18</span> <span class='ocrx_word' id='word_1_274' title='bbox 439 4128 463 4183; x_wconf 89' lang='lat' dir='ltr'>ei</span> <span class='ocrx_word' id='word_1_275' title='bbox 481 4144 531 4183; x_wconf 88' lang='lat' dir='ltr'>om.</span> <span class='ocrx_word' id='word_1_276' title='bbox 551 4129 617 4199; x_wconf 80' lang='grc' dir='ltr'>Οβυ</span> <span class='ocrx_word' id='word_1_277' title='bbox 714 4129 877 4186; x_wconf 88' lang='lat' dir='ltr'>uenadadO</span> <span class='ocrx_word' id='word_1_278' title='bbox 904 4129 1023 4185; x_wconf 83' lang='lat' dir='ltr'>benodeb</span> <span class='ocrx_word' id='word_1_279' title='bbox 1040 4129 1083 4185; x_wconf 74' lang='grc' dir='ltr'>Κι</span> <span class='ocrx_word' id='word_1_280' title='bbox 1179 4128 1256 4183; x_wconf 74' lang='lat' dir='ltr'>must</span> 
     </span>
     <span class='ocr_line' id='line_1_36' title="bbox 134 4214 1256 4285; baseline 0.001 -17"><span class='ocrx_word' id='word_1_281' title='bbox 134 4214 219 4281; x_wconf 86' lang='lat' dir='ltr'>(uiuit</span> <span class='ocrx_word' id='word_1_282' title='bbox 234 4214 284 4282; x_wconf 69' lang='lat' dir='ltr'>El)</span> <span class='ocrx_word' id='word_1_283' title='bbox 302 4229 347 4269; x_wconf 91' lang='lat' dir='ltr'>oro</span> <span class='ocrx_word' id='word_1_284' title='bbox 364 4214 476 4269; x_wconf 81' lang='lat' dir='ltr'>BFOr:</span> <span class='ocrx_word' id='word_1_285' title='bbox 507 4214 661 4270; x_wconf 87' lang='lat' dir='ltr'>uiuificetur</span> <span class='ocrx_word' id='word_1_286' title='bbox 677 4215 714 4282; x_wconf 79' lang='grc' dir='ltr'>βο</span> <span class='ocrx_word' id='word_1_287' title='bbox 819 4216 855 4269; x_wconf 78' lang='lat'>20</span> <span class='ocrx_word' id='word_1_288' title='bbox 871 4219 1008 4284; x_wconf 86' lang='lat' dir='ltr'>permotus</span> <span class='ocrx_word' id='word_1_289' title='bbox 1025 4216 1112 4285; x_wconf 68' lang='lat' dir='ltr'>cnud</span> <span class='ocrx_word' id='word_1_290' title='bbox 1214 4216 1256 4269; x_wconf 91' lang='lat' dir='ltr'>iu-</span> 
     </span>
     <span class='ocr_line' id='line_1_37' title="bbox 134 4300 1256 4370; baseline -0.001 -16"><span class='ocrx_word' id='word_1_291' title='bbox 134 4300 200 4370; x_wconf 86' lang='lat' dir='ltr'>quid</span> <span class='ocrx_word' id='word_1_292' title='bbox 227 4300 391 4355; x_wconf 81' lang='lat' dir='ltr'><em>B¹FOK¹Z</em></span> <span class='ocrx_word' id='word_1_293' title='bbox 506 4300 540 4354; x_wconf 81' lang='lat'>2³</span> <span class='ocrx_word' id='word_1_294' title='bbox 567 4306 719 4355; x_wconf 82' lang='lat' dir='ltr'>consecutos</span> <span class='ocrx_word' id='word_1_295' title='bbox 745 4300 804 4355; x_wconf 77' lang='lat' dir='ltr'>BF</span> <span class='ocrx_word' id='word_1_296' title='bbox 914 4302 946 4355; x_wconf 72' lang='lat'>27</span> <span class='ocrx_word' id='word_1_297' title='bbox 974 4301 1118 4356; x_wconf 88' lang='lat' dir='ltr'>inmundus</span> <span class='ocrx_word' id='word_1_298' title='bbox 1143 4300 1256 4369; x_wconf 89' lang='lat' dir='ltr'>spiritus</span> 
     </span>
     <span class='ocr_line' id='line_1_38' title="bbox 134 4386 194 4456; baseline -0.033 0"><span class='ocrx_word' id='word_1_299' title='bbox 134 4386 194 4456; x_wconf 76' lang='lat' dir='ltr'>olo</span> 
     </span>
    </p>
   </div>
   <div class='ocr_carea' id='block_1_5' title="bbox 0 0 1510 5200">
    <p class='ocr_par' dir='ltr' id='par_1_5' title="bbox 0 0 1510 5200">
     <span class='ocr_line' id='line_1_39' title="bbox 0 0 1510 5200; baseline 0 0"><span class='ocrx_word' id='word_1_300' title='bbox 0 0 1510 5200; x_wconf 95' lang='lat' dir='ltr'> </span> 
     </span>
    </p>
   </div>
  </div>
 </body>
</html>
