3009 5200
285 447 328 513 30
677 443 841 498 Iohannis
864 441 1019 498 cassiani

284 635 349 700 illis
372 653 392 700 s
413 633 555 718 legitimo
584 631 717 716 pondera
747 632 946 698 deminutum
966 632 1011 697 sit
1031 649 1164 697 censura
1184 631 1321 696 emens
1336 631 1412 695 dili·

254 743 393 822 egenter
415 739 580 822 inquirere.
617 754 697 828 quse
712 737 818 802 omnis
837 753 895 801 nos
908 752 1031 818 quoquo
1043 732 1231 815 spiritaliter
1244 733 1412 800 obseruare

283 841 605 923 debereeusngelicus
615 836 1411 916 sermoeul)huiusnomiuisdemoustrstexemplo:

283 948 418 1028 primum
447 950 483 1009 ut
512 943 662 1026 quidquid
692 941 838 1009 cordibus
865 941 1029 1023 inrepserit
1058 940 1175 1004 nocuis
1203 939 1256 1004 uel
1276 940 1303 1006 si
1325 941 1411 1021 quod

284 1049 372 1114 notis
402 1047 517 1130 dogms
547 1046 642 1112 merit
670 1045 900 1128 intromissum,
929 1046 1076 1108 utrumne
1104 1043 1148 1106 sit
1167 1041 1276 1108 diuino
1297 1041 1355 1108 illo
1377 1045 1450 1108 ete

283 1150 409 1218 caelesti
430 1149 558 1233 spiritus
580 1150 680 1215 sonet
702 1149 777 1233 igne
803 1151 974 1232 purgatum
995 1165 1035 1212 au
1055 1147 1096 1211 ao
1116 1145 1276 1212 Iudaicam
1297 1164 1410 1229 snper·

283 1253 442 1320 stitiouem
479 1251 637 1334 pertinens
669 1269 724 1316 eeu
761 1252 801 1316 de
833 1249 1000 1316 saecularis
1037 1248 1250 1332 philosophiae
1285 1252 1411 1316 tumore

282 1355 467 1422 descendeus
488 1356 521 1420 in
536 1353 699 1436 superficie
715 1355 841 1418 tentum
856 1353 1011 1436 prseferst
1025 1353 1187 1433 pietatem,
1201 1352 1409 1436 diligentissi-

282 1477 332 1523 me
353 1458 594 1542 perscrutemur.
624 1455 705 1538 quod
719 1456 767 1521 ita
782 1455 954 1539 poterimus
968 1457 1108 1538 implere,
1123 1457 1152 1520 ei
1165 1455 1247 1521 illud
1261 1457 1409 1539 apostoli·

282 1577 351 1626 eum
369 1560 548 1627 fecerimus:
571 1561 701 1626 nolite
724 1559 827 1623 omni
850 1557 1015 1642 spiritui
1037 1559 1213 1638 credere,
1236 1559 1446 1642 sorpto-10

251 1666 371 1732 3bste
403 1665 575 1747 spiritus
606 1664 639 1728 si
673 1682 716 1728 ex
749 1665 816 1728 deo
851 1662 942 1728 sint.
978 1679 1039 1744 qno
1068 1680 1180 1746 genere
1210 1663 1260 1728 illi
1285 1681 1408 1746 qnoque

281 1767 401 1851 decepti
430 1768 514 1846 sunt,
546 1770 599 1850 qui
628 1770 699 1850 post
721 1765 945 1849 professionem
966 1765 1108 1830 monaehi
1130 1767 1232 1832 nitore
1253 1767 1406 1832 sermonis

280 1871 312 1935 et
340 1872 525 1952 quibusdum
555 1874 630 1936 sunt
657 1869 912 1954 philosophorum
941 1869 1141 1954 dogmstitus
1172 1869 1291 1952 inlecti,
1326 1887 1406 1952 puae

279 1974 380 2056 prima
412 1973 514 2038 fronte
550 1973 609 2057 piis
643 1972 832 2055 quibusdam
861 1971 1004 2038 senmbus
1029 1990 1066 2038 ac
1087 1971 1233 2056 religioni
1261 1973 1406 2038 consonis

280 2077 441 2144 audientes
469 2078 558 2144 umet
586 2080 655 2148 auri
686 2077 807 2161 fulgore
835 2076 988 2159 fallentia,
1019 2093 1096 2159 quoe
1122 2073 1219 2141 semel
1240 2074 1442 2158 superficiem

278 2179 461 2263 inlexerant,
492 2180 581 2246 uelut
609 2179 850 2250 nomismatibus
873 2181 972 2246 cereis
993 2179 1143 2261 lenimus
1166 2178 1312 2260 deceptos
1333 2196 1404 2261 per·

279 2283 372 2366 petuo
395 2284 494 2350 nudos
514 2301 551 2350 cc
572 2283 701 2350 murres
725 2282 933 2362 reddiderunt,
960 2282 1013 2346 uel
1033 2281 1074 2348 ad
1095 2281 1213 2349 umuli
1227 2299 1280 2348 eos
1294 2281 1404 2364 strepi·

278 2385 347 2452 turn
380 2389 559 2452 renuente
588 2387 641 2452 uel
663 2386 703 2450 ad
724 2386 894 2452 haereticos
927 2403 1045 2450 errores
1067 2403 1104 2450 ac
1131 2383 1402 2466 praesumptiones

278 2487 413 2556 unless
442 2488 665 2572 pertrahentes
702 2489 784 2572 quod
813 2489 909 2555 etism
935 2488 1041 2556 thor
1061 2490 1095 2553 in
1117 2488 1196 2553 libro
1218 2487 1290 2553 Iesu
1311 2487 1402 2554 Naue

278 2591 410 2674 legimus
433 2592 528 2661 luisse
549 2610 738 2678 perpessum,
761 2595 815 2676 qui
830 2592 870 2659 de
887 2591 1000 2659 cestris
1015 2590 1255 2676 Ailophylorum
1270 2588 1439 2675 ligulamso

277 2711 402 2761 auream
424 2699 643 2779 concupiscens
664 2700 758 2779 atque
787 2696 910 2763 sumtus
939 2695 1140 2763 anathemate
1163 2694 1285 2778 percuti
1307 2695 1401 2776 atque

247 2800 407 2867 4aeterna
426 2801 541 2865 meruit
563 2803 663 2867 morte
685 2800 838 2866 damnari.
871 2798 1007 2865 seeundo
1021 2796 1157 2865 sollicite
1173 2815 1229 2863 nos
1244 2796 1401 2879 explorare

279 2902 451 2979 conueniet,
474 2920 513 2969 ne
535 2920 609 2971 auro
631 2903 800 2985 purissimo
820 2902 1051 2986 scripturarum
1072 2918 1170 2983 praua
1184 2898 1400 2981 interpretatio

278 3007 420 3087 coaptate
442 3004 563 3071 metalli
584 3004 781 3088 pretiositate
806 3024 862 3071 uos
885 3004 985 3071 fellet.
1020 3004 1053 3069 in
1075 3003 1253 3085 quostiam
1275 3001 1401 3067 domino

276 3107 428 3175 saluatori
451 3106 669 3175 callidissimus
684 3108 828 3175 diabelm
845 3106 935 3174 uelut
949 3096 1071 3172 homini
1084 3106 1218 3188 simplici
1233 3103 1400 3187 temptauit
1411 3130 1435 3171 ss

277 3209 432 3291 inponere,
448 3211 523 3277 dum
539 3228 585 3289 ea,
601 3229 679 3293 quae
694 3212 881 3295 generaliter
898 3214 972 3275 suut
986 3228 1077 3292 super
1091 3208 1231 3273 omnium
1246 3210 1399 3274 iustorum

275 3312 488 3397 intellegendo.
523 3315 671 3398 personis,
717 3314 866 3379 maliuola
901 3311 1158 3395 interpretatione
1194 3328 1399 3391 conrumpens

380 3541 412 3597 10
430 3542 445 3596 1
463 3542 519 3597 Ioh-
537 3543 563 3607 4,
584 3543 596 3596 1
703 3542 735 3595 19
753 3542 788 3595 ei.
804 3541 857 3595 Ios.
875 3542 890 3594 ’1

327 3756 340 3808 1
365 3755 529 3809 diminutum
551 3755 624 3809 D’X
723 3756 741 3809 4
764 3756 891 3824 quioquid
915 3755 952 3808 W
1051 3755 1068 3808 6
1091 3756 1212 3809 caelestis
1232 3753 1331 3809 D¹W¹

275 3841 466 3909 superstitione
488 3840 526 3895 W
628 3840 854 3908 iphyloeoihise
871 3840 895 3907 (i
910 3840 942 3894 ἐπ
958 3856 976 3908 p
992 3844 1108 3904 mutato)
1126 3840 1157 3894 D
1259 3838 1398 3892 ssdisoeu·

275 3928 338 3979 dens
356 3926 394 3980 W
475 3926 735 3995 tisuperscrutemur
753 3924 800 3980 W*
886 3926 951 3979 illut
968 3925 998 3979 D
1084 3925 1117 3979 12
1134 3940 1267 3979 sermones
1281 3927 1331 3981 W¹

275 4030 307 4085 13
324 4030 525 4101 phylosoiorum
542 4031 573 4085 D
676 4032 709 4085 14
726 4032 855 4100 relegioni
872 4031 915 4084 D¹
1015 4032 1048 4085 16
1065 4020 1272 4085 nomismatibus
1293 4028 1331 4084 W

274 4116 305 4169 11
318 4116 547 4171 reddederuutD¹
634 4116 667 4171 18
678 4116 808 4171 hereticos
819 4116 919 4172 DWX
1005 4114 1038 4171 le
1050 4116 1125 4170 hiesu
1137 4114 1208 4171 DW
1284 4114 1396 4168 20sllc·

275 4203 407 4271 pluiturum
431 4202 534 4258 DWX
635 4202 747 4270 ligulam
766 4204 900 4269 (γλῶσσαν
916 4202 972 4255 Ios.
990 4204 1017 4267 ⁷,
1036 4204 1083 4269 21)
1100 4202 1155 4255 D¹:
1183 4202 1300 4269 logulsm
1317 4200 1395 4254 D¹X¹

273 4289 395 4357 linguam
422 4289 460 4344 W
487 4289 609 4357 regulam
632 4288 673 4341 X‘
697 4293 723 4342 et
744 4287 775 4341 D
795 4304 814 4341 o
836 4290 946 4342 crem
972 4288 1003 4341 ia
1024 4288 1151 4357 murpiae
1252 4286 1285 4341 21
1312 4286 1395 4354 seque

272 4374 311 4427 D²
414 4374 729 4443 aequepotentem)
754 4374 792 4428 W
891 4374 924 4427 27
942 4374 1064 4443 personis
1080 4372 1120 4427 D¹
