3009 5200
298 390 363 456 440
689 388 853 443 Iohannis
871 388 1028 445 Cassiani

297 581 354 645 bus
376 579 477 645 inesse
493 578 745 661 deprehenditur.
783 598 855 645 nam
877 579 979 663 pullos
994 580 1046 646 uel
1061 580 1179 649 catulos
1193 599 1265 649 suos
1281 586 1419 651 naturali

296 683 411 749 affeetu
439 681 610 763 instigante
640 681 686 747 sic
713 682 878 765 protegrmt
905 700 941 747 ac
969 682 1151 765 defendunt,
1179 685 1216 749 ut
1242 685 1420 768 frequenter

296 806 351 870 pro
380 787 457 871 ipsis
487 788 581 851 etiam
611 785 732 850 obicere
761 804 794 851 se
823 785 969 868 perieulis
998 788 1154 873 mortique
1182 808 1240 855 non
1264 794 1419 857 metuant.

296 890 428 975 denique
452 888 547 955 etiam
569 886 626 953 illa
640 886 810 953 bestiarum
827 889 878 954 uel
893 890 1083 971 serpentium
1097 892 1151 956 uel
1167 891 1280 957 alitum
1294 912 1418 977 genera,

295 1012 374 1077 quae
402 991 609 1058 intolerabilis
638 991 748 1056 feritas
771 1010 808 1057 ao
830 991 924 1057 letale
951 992 1039 1057 uirus
1062 993 1100 1059 ab
1123 994 1269 1059 omnibus
1292 1000 1456 1078 separate

295 1113 331 1160 ac
352 1096 495 1174 secernit,
518 1094 555 1159 ut
576 1094 650 1159 sunt
670 1092 808 1159 basilisci
830 1094 882 1159 nei
904 1098 1116 1162 monocerotes
1138 1097 1191 1162 nel
1207 1116 1328 1181 grypes,
1345 1116 1421 1164 oum

294 1200 389 1263 etiam
411 1199 482 1263 uisu
503 1197 570 1281 ipso
593 1197 714 1261 cunctis
730 1198 899 1278 perniciosa
915 1216 982 1263 esso
998 1198 1150 1285 dicantur,
1166 1200 1249 1265 inter
1263 1219 1297 1266 se
1312 1204 1420 1267 tamen

293 1320 348 1384 pro
380 1300 509 1386 originis
539 1300 639 1381 ipsius
668 1298 900 1381 affectionisque
930 1301 1082 1367 consortio
1105 1305 1217 1385 pecata
1239 1303 1271 1368 et
1292 1304 1421 1369 innoxia

263 1402 500 1487 3perseuerant
539 1405 593 1469 sed
622 1403 697 1469 haec
726 1404 832 1469 omnia
859 1422 938 1487 quae
968 1404 1103 1471 diximus
1131 1424 1244 1490 genera
1275 1408 1420 1475 caritatis

293 1507 378 1574 mont
405 1507 498 1573 malis
530 1524 566 1573 ac
595 1507 694 1591 bonis,
717 1504 792 1571 feris
820 1508 913 1573 etism
937 1510 1029 1591 atque
1053 1510 1248 1591 serpentibus
1271 1510 1419 1577 uidemus
1429 1534 1455 1575 ro

294 1630 361 1677 esse
395 1611 581 1690 communia,
609 1612 657 1677 itu
687 1612 783 1677 etiam
810 1630 908 1695 nsque
936 1610 971 1676 in
998 1611 1092 1678 finem
1120 1616 1240 1679 eertum
1269 1615 1319 1679 est
1346 1634 1420 1697 per-

293 1731 436 1780 seuerare
471 1732 534 1780 non
568 1732 666 1799 posse.
711 1714 827 1780 etenim
863 1715 1069 1799 interrumpit
1100 1734 1136 1781 ea
1169 1716 1349 1798 frequenter
1382 1736 1421 1783 ac

294 1816 409 1883 diuidit
436 1817 574 1883 locorum
597 1819 742 1883 discretio
771 1819 804 1882 et
833 1815 950 1883 obliuio
977 1818 1157 1902 temporalis
1188 1819 1220 1884 et
1246 1819 1337 1884 uerbi
1365 1820 1420 1884 uei

294 1937 402 1986 causae
429 1919 685 2003 negotiorumque
712 1920 902 1987 contractus.
940 1924 975 1985 nt
1009 1920 1094 1986 onim
1126 1940 1163 1985 er
1197 1921 1332 1987 diuersis
1364 1924 1421 1987 uei

292 2145 381 2192 arum
413 2124 614 2191 societatibus
645 2124 768 2207 adquiri
802 2126 915 2209 solent,
951 2126 998 2190 ita
1030 2125 1242 2192 intercedente
1276 2125 1420 2211 qualibet

293 2228 420 2294 diuortii
443 2228 601 2293 occasione
627 2228 802 2293 soluuntur.

335 2348 396 2414 111.
422 2346 460 2413 In
487 2348 537 2412 hie
563 2347 662 2431 igitur
691 2348 810 2412 cunctis
836 2366 934 2413 unum
956 2350 1004 2414 est
1026 2365 1124 2431 genus
1146 2349 1313 2417 insolubile
1335 2351 1420 2417 cari·

292 2451 379 2529 tatis,
403 2451 484 2532 quod
506 2469 562 2515 nec
585 2452 849 2517 conmendationis
871 2452 973 2535 gratie
995 2470 1050 2517 nec
1072 2452 1167 2518 officii
1184 2453 1235 2518 uel
1250 2472 1420 2519 munerum

291 2553 475 2637 magnitudo
499 2554 718 2622 contractusue
740 2554 925 2638 cuiusquam
940 2554 1020 2622 ratio
1035 2556 1087 2623 uel
1101 2560 1231 2622 naturae
1245 2557 1419 2624 nenessitas
1428 2586 1455 2628 ro

291 2657 404 2740 iungit,
427 2657 481 2721 sed
502 2659 568 2722 sola
590 2657 765 2723 similitudo
787 2659 952 2724 uirtutum.
989 2659 1076 2739 haee,
1106 2662 1245 2743 inquam,
1268 2664 1315 2726 est
1337 2678 1420 2744 qnae

291 2759 388 2824 nullis
417 2779 566 2843 nmquam
595 2763 717 2828 casibus
744 2761 906 2844 scinditur,
930 2779 1024 2846 quem
1045 2780 1106 2829 non
1126 2763 1229 2828 solum
1250 2763 1420 2830 dissociare

291 2863 344 2927 uel
372 2862 475 2927 delere
504 2864 642 2929 locorum
662 2861 714 2928 uel
741 2865 917 2945 temporum
946 2863 1114 2930 interualla
1136 2883 1198 2930 non
1220 2865 1418 2948 praeualent,

260 2960 346 3029 ised
368 2982 408 3030 ue
430 2983 513 3030 mors
535 2965 661 3047 quidem
684 2970 751 3048 ipsa
772 2966 904 3034 diuellit.
943 2968 1020 3032 haec
1036 2971 1083 3032 est
1097 2985 1174 3033 nera
1188 2972 1221 3033 et
1238 2969 1420 3052 indisrupta

292 3066 429 3151 dilectio,
458 3085 538 3149 quae
564 3068 688 3152 gemina
715 3069 886 3136 amicorum
913 3069 1102 3152 perfectione
1130 3088 1166 3136 ec
1193 3070 1313 3136 uirtute
1341 3087 1453 3138 oon-ac

291 3168 414 3250 erescit,
444 3169 533 3235 cuius
562 3172 660 3236 semel
680 3170 798 3238 initum
821 3171 930 3238 foedus
952 3191 1009 3239 nec
1031 3173 1253 3240 desideriorum
1276 3173 1418 3240 uarietas

289 3290 347 3338 nec
368 3272 564 3338 contentiosa
586 3274 758 3358 dismmpet
788 3275 994 3340 contrarietas
1016 3275 1227 3342 uoluntatem.
1273 3280 1418 3342 ceterum

290 3373 407 3440 multos
435 3377 578 3442 nouimus
607 3375 640 3440 in
668 3377 726 3444 hoc
752 3379 911 3460 proposito
944 3378 1140 3459 eonstitntos,
1173 3380 1227 3464 qui
1257 3397 1328 3444 cum
1357 3397 1417 3461 pro

290 3477 422 3543 caritate
451 3476 569 3544 Christi
595 3478 840 3563 flagrantissima
867 3482 970 3546 essent
991 3479 1157 3546 sedulitate
1181 3481 1328 3564 deuincti,
1351 3499 1417 3547 non

288 3581 439 3662 perpetuo
473 3600 542 3647 eam
575 3600 632 3648 nec
664 3584 838 3665 indisrupte
866 3600 990 3649 seruere
1018 3586 1197 3668 potnerunt,
1227 3585 1308 3666 quia,
1338 3586 1451 3652 licetne

287 3684 367 3750 bono
390 3685 550 3750 societatis
571 3685 727 3768 principio
748 3687 936 3766 niterentur,
967 3705 1029 3752 non
1052 3689 1160 3753 tamen
1181 3707 1243 3753 nno
1265 3706 1321 3754 nec
1341 3688 1414 3771 pari

341 3884 354 3938 i
374 3884 592 3954 depraehinditnr
608 3887 639 3937 Π
726 3887 745 3940 4
756 3886 839 3942 etiam
852 3903 903 3943 orn.
914 3891 940 3940 Τ
1027 3891 1044 3946 5
1056 3887 1210 3944 hominibus
1222 3891 1248 3942 Τ
1335 3891 1353 3946 6
1371 3893 1414 3960 ae]

287 3972 316 4024 et
333 3971 361 4021 Σ
387 3986 418 4025 ae
434 3970 474 4022 Π1
571 3970 771 4026 monocherotes
796 3973 840 4026 uel
863 3988 977 4042 gryppes
1000 3974 1025 4025 Y
1051 3974 1135 4044 griiee
1157 3975 1183 4029 0
1280 3973 1415 4045 ipernit.

286 4055 347 4107 ΠΤ
430 4056 464 4110 10
475 4055 592 4111 uidimus
604 4057 634 4108 Π
718 4059 749 4112 11
763 4059 802 4128 in]
815 4059 849 4113 ad
862 4061 887 4111 Ψ
966 4059 999 4113 16
1011 4059 1195 4132 societatibus]
1208 4059 1415 4116 necessitatibus

288 4141 314 4192 Τ
407 4142 527 4211 quolibet
545 4143 574 4194 Σ
672 4143 705 4198 17
724 4146 879 4200 omousione
896 4145 927 4198 Π
1021 4146 1056 4200 20
1073 4149 1276 4216 contractusque
1293 4149 1345 4204 iio

286 4227 322 4282 24
338 4229 396 4297 ipsu
413 4228 521 4296 quidem
540 4230 568 4281 Σ
658 4229 692 4284 28
709 4233 875 4288 constitutus
892 4233 932 4284 11¹
1023 4233 1057 4289 29
1074 4233 1299 4304 flagrantissimae
1316 4235 1348 4287 Π

286 4313 425 4368 soliditote
442 4315 470 4366 Σ
572 4315 812 4384 perpetuemur
911 4319 943 4374 31
964 4318 1042 4390 bono]
1061 4335 1114 4375 uno
1131 4321 1171 4372 ΠΊ
