3009 5200
480 440 642 499 Gestatio
662 442 866 508 mus-11.
1169 446 1233 511 411

112 632 297 699 multitudo:
320 648 398 714 quse
412 628 662 713 propitieturium
677 629 737 706 dei,
761 629 793 696 id
808 632 855 695 eet
870 628 1086 713 plseiditstem
1101 630 1235 712 pectoris

111 735 160 799 tui
191 734 310 817 ingiter
343 736 506 817 protegent
537 735 570 799 et
599 753 618 800 u
647 733 770 799 eunetis
803 732 994 814 spiritalium
1027 733 1234 815 nequitiarum

111 837 289 905 incursibus
303 836 542 904 obumbrabunt.
567 837 600 900 et
621 834 669 904 itu
690 852 778 901 mens
800 836 856 900 tus
876 852 938 901 non
960 835 1062 903 solum
1083 836 1117 903 iu
1132 852 1235 905 meum

112 940 213 1008 diuini
235 940 425 1015 testsmeuti,
446 957 556 1005 uerum
578 938 676 1005 etium
693 938 726 1004 in
741 954 872 1020 regnum
887 938 1078 1003 ssesrdobsle
1092 942 1237 1021 preneste

88 1063 165 1127 sper
201 1042 450 1109 indissolubilem
485 1041 632 1125 puritatis
666 1040 814 1108 effectum
850 1039 1075 1122 quodammodo
1111 1042 1237 1109 ubsurtu

109 1145 307 1229 spiritulibus
343 1145 516 1227 disciplinis
553 1143 633 1212 illud
666 1142 800 1226 inplebit
833 1142 1009 1225 pontilioele
1042 1144 1236 1221 musinium,

109 1252 193 1331 quod
230 1266 250 1314 u
282 1248 462 1332 legislatore
497 1247 545 1313 ite
580 1246 784 1329 preeoipitur:
822 1248 860 1311 et
892 1246 935 1311 de
972 1246 1126 1314 eunetis
1162 1264 1236 1313 non

110 1352 357 1437 egredietur,
386 1369 431 1416 ne
459 1349 617 1432 polluet
644 1350 911 1417 esnotusrium
940 1348 1016 1426 dei,
1046 1347 1079 1413 id
1108 1348 1156 1415 eet
1185 1366 1237 1417 our

108 1474 214 1531 suum,
247 1455 281 1519 in
312 1472 373 1536 quo
405 1453 520 1536 ingiter
549 1452 767 1520 instituturum
799 1469 833 1517 se
867 1450 1011 1520 dominus
1044 1450 1238 1533 repromittit

77 1558 232 1625 udinem:
261 1555 498 1622 iubebitubo
529 1558 565 1623 in
597 1555 653 1620 eis
683 1556 721 1621 et
749 1554 856 1619 inter
884 1553 982 1621 illos
1014 1553 1235 1625 umbulsjbo.

109 1659 313 1742 quemobrem
336 1660 503 1743 diligenter
527 1660 695 1726 memorius
721 1658 954 1728 conmeudunds
980 1661 1027 1725 eet
1049 1661 1081 1725 et
1102 1658 1270 1727 moesos-4

109 1761 223 1829 biliter
243 1764 431 1831 recensendo
453 1781 611 1830 sserurusn
633 1761 727 1829 series
750 1762 985 1843 seripturarum.
1023 1762 1099 1829 nese
1121 1761 1236 1833 etenim

108 1970 205 2052 quod,
242 1970 317 2039 dum
350 1971 384 2035 iu
417 1968 556 2052 legendis
589 1986 628 2033 se
664 1968 811 2051 perendie
847 1968 1033 2035 lectionibus
1069 1970 1237 2051 onunpstnr

78 2074 229 2143 renuentis
250 2073 394 2147 intentio,
424 2089 550 2141 neeesse
579 2076 628 2139 est
649 2076 685 2138 nt
706 2072 802 2139 nullis
829 2072 989 2139 noxiorum
1013 2070 1238 2153 cogitationum

109 2176 233 2258 lnqueis
255 2177 447 2259 nuptiuetur:
470 2177 582 2246 deinde
596 2177 679 2259 quod
694 2195 742 2261 es,
761 2193 838 2260 quus
854 2176 1039 2241 ereberrime
1054 2173 1238 2256 repetitione

109 2296 269 2361 perennes,
303 2282 377 2347 dum
410 2279 579 2351 memoriae
611 2279 734 2348 trudere
768 2279 955 2354 iuberemus,
989 2276 1171 2357 intellegere
1204 2276 1237 2339 id

109 2381 261 2463 temporis
294 2382 434 2464 obligate
465 2388 570 2449 mente
602 2380 860 2465 respersimus,
894 2384 1000 2463 postes
1030 2379 1069 2444 sb
1099 2380 1237 2447 omninum

110 2484 238 2551 totunm
260 2502 298 2550 ue
319 2485 477 2553 uisienum
499 2484 664 2551 inleeebris
690 2483 826 2553 absoluti
848 2482 1072 2567 prseoipueque
1086 2484 1240 2549 noeturnu

79 2586 318 2660 „meoiutione
338 2588 427 2655 tseiti
449 2589 648 2654 reuoluentes
670 2587 784 2654 elarius
806 2586 974 2665 intuemur,
997 2587 1043 2651 itu
1064 2588 1102 2654 ut
1132 2585 1234 2652 oseul-

111 2691 310 2759 tissimorum
332 2710 488 2774 sensnum,
512 2703 588 2775 quos
611 2711 650 2758 ne
672 2693 759 2758 tenni
776 2690 899 2773 quidem
916 2689 1086 2772 uigilantes
1102 2689 1236 2771 opinati-

111 2810 170 2858 one
191 2793 397 2878 percupimus,
426 2795 659 2877 quiescentibus
687 2794 776 2860 nobis
799 2799 831 2860 et
854 2795 941 2859 uelut
963 2791 1081 2875 soporis
1111 2797 1237 2873 stupore

110 2899 262 2962 demersis
284 2897 502 2981 intellegentis
522 2899 689 2966 reueletur.

154 3015 212 3080 xl.
243 3014 404 3081 Crescente
433 3019 540 3082 eutem
570 3037 625 3101 per
653 3017 713 3082 hoo
737 3015 879 3082 studium
902 3015 1099 3080 innoustiune
1122 3013 1240 3079 mentis

78 3121 236 3187 emenso
257 3119 354 3183 etism
376 3120 599 3202 seripturarum
621 3119 719 3186 iseies
745 3119 874 3202 iunipiet
896 3118 1047 3201 innonuri,
1064 3117 1240 3182 etsuursti·

111 3222 174 3288 oris
202 3221 438 3305 intellegentiae
468 3223 666 3305 pulchritudo
700 3222 926 3304 quodummodo
959 3241 1030 3287 enm
1059 3220 1240 3302 profioiente

110 3324 264 3409 proficiet
306 3343 361 3407 pro
389 3327 560 3408 espueitete
593 3325 678 3390 enim
711 3325 918 3390 bumanorum
950 3343 1096 3388 sensuum
1131 3341 1236 3388 esrum

113 3445 234 3509 qnoque
255 3429 374 3509 speeies
396 3430 557 3510 eonptntur
581 3431 613 3492 et
635 3427 687 3492 uel
709 3430 832 3492 terrens
853 3427 1029 3492 eurnalibus
1051 3427 1102 3490 nel
1131 3423 1240 3488 diuina¹

113 3531 309 3612 spiritulibus
332 3531 504 3614 edpsrebit,
530 3531 577 3595 its
601 3531 693 3611 utini,
710 3529 823 3612 quibus
838 3533 929 3596 entes
943 3528 1109 3595 uidebatur
1126 3528 1239 3591 pressis

81 3634 301 3716 equibusdum
322 3634 443 3700 nebulis
464 3633 616 3708 inuoluta,
631 3651 688 3701 nee
702 3631 913 3700 subtilitatem
930 3631 996 3698 eius
1012 3629 1239 3713 deprehendere

216 3836 231 3891 l
250 3836 311 3891 Les.
329 3837 372 3902 21,
392 3837 425 3893 12
528 3837 561 3890 10
578 3837 609 3892 ῙΙ
627 3835 685 3891 Gor.
704 3837 728 3900 6,
748 3836 781 3889 16

165 4025 183 4078 3
200 4039 263 4078 eree
278 4024 309 4078 Π
400 4025 527 4094 dotium]
546 4028 637 4079 temen
654 4024 685 4074 Π
780 4020 984 4079 dissolubilem
1002 4022 1037 4074 il
1128 4019 1239 4087 pietutis

114 4113 140 4163 Y
233 4109 344 4164 steorte
362 4110 482 4164 ΣΠῬΟ
580 4109 615 4166 12
631 4107 723 4163 seribt
742 4109 768 4158 ‘l'
870 4107 901 4161 13
918 4106 1022 4161 ooniert
1039 4105 1079 4170 Π,
1097 4103 1145 4160 sed
1162 4107 1189 4158 rt
1205 4105 1239 4158 s'uu

114 4212 169 4250 rue.
187 4211 223 4250 su.
240 4199 259 4251 2
347 4195 381 4252 14
397 4195 427 4250 in
444 4195 573 4264 legendis]
593 4194 783 4263 intellegendus
799 4193 829 4244 Π
911 4194 950 4246 ,17
969 4206 1093 4261 peronese
1111 4191 1139 4242 Σ
1144 4190 1169 4242 0

114 4282 149 4337 20
174 4281 341 4337 reuoluentis
365 4283 405 4334 Π1
507 4281 541 4336 22
567 4281 652 4350 uelut]
679 4281 722 4336 uel
747 4281 797 4334 He
902 4279 938 4335 23
965 4276 1087 4336 dimersis
1113 4277 1172 4330 ΣΥ

116 4368 151 4422 26
167 4367 262 4423 seribt.
279 4368 313 4420 l*
416 4368 451 4421 26
468 4365 652 4436 quodsdmodo
670 4368 698 4418 Σ
799 4366 834 4420 29
851 4365 891 4420 hii
910 4364 969 4418 ΣΟ
