3009 5200
488 439 649 495 conlatio
672 436 745 501 XVI,
763 436 840 490 3-6.
1158 435 1221 499 443

105 631 171 697 suis
195 629 288 694 malit
309 643 402 709 quam
423 626 556 709 proximi
579 626 807 692 definitionibus
828 625 983 691 oboedire.
1016 624 1142 690 tertium
1173 628 1250 692 sst2

103 737 140 798 ut
171 732 253 797 sciat
284 732 397 809 omnia,
431 730 527 794 etiam
560 746 639 811 quae
675 730 766 796 utilia
801 746 837 793 ac
864 729 1036 793 necessaria
1067 726 1219 805 aestimat,

104 834 317 919 postponenda
344 834 423 899 bono
454 834 591 897 caritatis
621 851 658 898 ac
678 834 772 916 pacis.
811 835 957 914 quartum
979 835 1015 897 ut
1037 830 1143 897 credat
1164 848 1221 895 nec

103 939 195 1005 iustis
218 956 275 1003 nec
295 937 420 1001 iniustis
442 939 480 1001 de
501 937 602 1003 causis
624 937 749 1020 penitus
771 936 975 1002 irascendum.
1016 935 1160 1015 quintum
1184 937 1220 997 ut

85 1044 270 1110 suduersum
291 1058 325 1105 se
346 1040 540 1105 iruoundium
562 1042 667 1105 fratris
689 1042 786 1105 otiam
809 1042 875 1105 sine
896 1040 1016 1105 ratione
1040 1040 1219 1118 conceptam

102 1146 210 1211 eodem
240 1145 331 1209 modo
364 1163 425 1226 quo
456 1162 543 1208 suam
576 1161 682 1209 curare
715 1142 878 1221 desideret,
913 1142 1013 1207 sciens
1049 1142 1219 1223 aequaliter

101 1248 162 1315 sibi
189 1247 396 1329 perniciosam
422 1246 552 1312 alterius
579 1265 647 1311 esso
674 1246 837 1311 tristitiam
866 1248 930 1311 cosi
953 1248 1099 1310 aduersus
1122 1245 1219 1309 alium

62 1382 69 1395 ·
102 1355 170 1434 ipse
192 1354 365 1428 moueatur,
387 1350 448 1415 nisi
471 1368 550 1432 eam,
574 1354 725 1432 quantum
747 1350 781 1413 in
802 1369 835 1415 se
857 1352 914 1431 est,
938 1348 1032 1413 etiam
1054 1346 1091 1411 do
1113 1346 1219 1411 fratris

102 1458 210 1519 mente
230 1454 394 1536 depulerit
431 1454 624 1535 postremum
646 1452 725 1517 illud
747 1454 795 1517 est
817 1452 898 1534 qnod
914 1450 1055 1533 generals
1071 1447 1219 1515 uitiorum

71 1557 244 1622 nomnium
276 1557 519 1639 peremptorium
548 1574 614 1621 esse
643 1576 704 1621 nou
733 1555 864 1621 dubium
895 1558 950 1632 est,
981 1555 1017 1617 ut
1045 1570 1078 1615 se
1100 1553 1137 1617 de
1163 1552 1219 1617 hoo

103 1661 220 1726 mundo
241 1664 348 1727 credat
370 1659 485 1726 cotidie
506 1661 724 1742 migraturum.
762 1678 840 1741 quae
865 1658 1022 1741 persuasio
1044 1674 1103 1721 non
1118 1655 1249 1723 solum3

102 1765 224 1829 nullam
253 1764 287 1827 in
316 1763 406 1827 corde
435 1762 601 1828 tristitiam
630 1763 763 1827 residere
794 1760 966 1843 permittet,
991 1778 1099 1824 uerum
1124 1758 1219 1823 etium

103 1868 263 1931 uniuersos
285 1866 602 1947 concupiscentiarum
626 1886 662 1931 ac
676 1868 875 1949 peccatorum
892 1864 1033 1929 omnium
1049 1863 1221 1945 conprimst

101 1972 215 2034 motus.
252 1970 326 2035 haec
355 1969 453 2052 igitur
484 1970 669 2052 quicumque
702 1970 850 2046 tonuerit,
882 1966 1123 2032 amaritudinem
1156 1966 1219 2030 irae

71 2076 194 2153 eatque
232 2071 404 2138 discordiae
440 2090 496 2137 uec
528 2075 594 2156 pati
629 2075 745 2155 poterit
777 2090 831 2137 nec
862 2072 986 2137 inferre.
1032 2068 1080 2133 his
1114 2071 1219 2134 autem

102 2173 298 2241 cessantibus
332 2192 403 2239 cum
436 2176 573 2259 primum
601 2176 657 2241 ille
685 2176 825 2240 aemulus
856 2175 994 2239 caritatis
1023 2174 1056 2237 in
1078 2170 1219 2237 cordibus

102 2279 275 2343 amicorum
302 2278 451 2343 tristitiae
479 2281 596 2344 sensim
624 2296 745 2344 uenena
774 2277 945 2359 suffuderit,
969 2292 1092 2341 necesse
1115 2278 1219 2339 estut

103 2380 318 2463 frequentibus
347 2384 456 2465 iurgiis
485 2384 637 2464 paulatim
668 2381 834 2446 dilectione
864 2382 1019 2462 tepefacta
1045 2379 1216 2442 amantium

101 2489 193 2551 corda
214 2483 269 2549 diu
290 2485 465 2549 exulcerata
486 2486 668 2568 quaudoque
690 2484 848 2549 dissociet.
881 2502 954 2548 nam
970 2483 1022 2565 qui
1038 2498 1091 2563 per
1106 2480 1249 2547 callemi

70 2589 276 2673 apraedictas
303 2586 481 2654 directionis
509 2589 693 2672 ingreditur,
721 2587 756 2652 in
785 2606 844 2670 quo
872 2588 911 2653 ab
940 2585 1037 2651 amico
1070 2598 1219 2666 umquam

101 2712 154 2759 suo
187 2691 304 2775 poterit
338 2692 494 2772 dissidere,
518 2695 571 2776 qui
602 2695 735 2775 primam
766 2692 871 2756 litium
902 2709 1037 2770 causam,
1071 2706 1149 2769 quae
1182 2703 1218 2751 ex

101 2797 242 2878 paruulis
263 2797 354 2861 rebus
376 2796 599 2879 uilissimisque
615 2797 753 2860 materiis
769 2797 906 2879 generari
922 2795 1009 2871 solet,
1033 2791 1111 2857 nihil
1126 2808 1217 2855 suum

99 2899 264 2964 uindioans
285 2900 434 2964 radicitus
457 2900 635 2982 amputarit,
659 2899 740 2964 illud
763 2900 843 2981 quod
865 2899 899 2963 in
917 2897 1048 2963 Actibus
1065 2895 1216 2980 apostolo·

100 3021 169 3067 rum
191 3003 328 3087 legimus
350 3003 388 3066 de
411 3004 533 3068 unitate
556 3003 746 3068 credentium
776 3003 860 3067 omni
883 3001 1001 3066 uirtute
1023 2999 1216 3065 custodiens:

70 3105 385 3170 smultitudinis
407 3107 538 3171 autem
567 3104 814 3171 credentium
840 3108 923 3170 erut
946 3122 1009 3168 cor
1030 3107 1068 3167 et
1090 3102 1217 3169 anima

101 3228 188 3285 uua,
212 3227 282 3273 nec
303 3208 511 3292 quisquam
532 3227 659 3274 eorum
674 3229 770 3292 quae
785 3210 1047 3292 possidebant
1062 3205 1217 3288 aliquid

99 3330 208 3376 suurn
230 3329 313 3376 esse
334 3311 508 3397 dicebat,
530 3312 596 3376 sed
612 3316 722 3377 erent
742 3313 829 3379 illis
845 3313 973 3378 omnia
988 3309 1217 3376 conmunia?

100 3413 211 3479 ddndo
247 3415 505 3496 quemadmodum
540 3417 580 3479 ab
617 3417 722 3481 codem
768 3415 970 3480 seminarium
1014 3411 1215 3477 dissensionis

200 3602 235 3656 25
253 3601 312 3656 sot.
329 3603 355 3666 4,
372 3599 407 3656 32

148 3771 270 3841 lmalit]
288 3774 375 3841 magis
392 3773 460 3827 uelit
477 3777 502 3824 Τ
588 3774 652 3825 :tut
669 3787 718 3825 om.
736 3771 766 3821 Π
852 3768 928 3822 daeo
940 3768 1050 3822 iniustis
1062 3783 1110 3821 om.
1124 3768 1149 3820 O

99 3856 254 3910 induemus
264 3859 372 3911 Hi’Ov
449 3858 641 3912 eontentst
719 3853 915 3922 ipernit.HY
993 3854 1026 3907 10
1038 3855 1214 3921 peremtorum

99 3943 126 3993 Σ
149 3947 346 4012 peremptorum
363 3945 393 3994 Π
476 3945 518 4012 de]
536 3957 566 3997 ex
583 3945 610 3994 Τ
692 3944 722 3994 11
735 3943 801 3994 cett.
815 3943 840 3992 Y
863 3940 1020 4008 quotidieO
1106 3939 1138 3993 12
1156 3950 1215 4008 per·

99 4029 188 4082 mittit
204 4028 281 4082 Ht'c
384 4029 418 4082 14
430 4033 596 4096 pennotus
608 4029 640 4081 io
652 4030 738 4080 Post:
757 4027 811 4080 VII
914 4025 1083 4096 quicumque]
1097 4026 1215 4092 quicum

100 4116 157 4182 (eie)
174 4115 205 4166 Π
287 4130 339 4183 pro
350 4116 408 4169 irae
418 4117 449 4170 in
465 4115 497 4166 Π
506 4121 671 4169 ausoauso:
689 4113 936 4178 fumecuidcturot
1031 4113 1062 4165 15
1080 4111 1103 4163 is
1122 4111 1149 4161 Σ

102 4201 132 4254 16
148 4201 275 4255 stimulus
292 4204 318 4253 Τ
409 4203 442 4256 18
459 4201 594 4270 patefacta
611 4200 640 4251 Π
725 4200 761 4252 20
778 4199 927 4253 dilectionis
945 4200 971 4249 Y
1061 4197 1093 4250 21
1114 4195 1215 4268 litium]

100 4286 245 4340 ΙίιιιιιιιιΠι
325 4303 378 4356 qua
390 4288 460 4341 012
542 4285 768 4354 23amputeberit
780 4285 816 4339 0¹
897 4281 1147 4353 utaliquitfluzq

3 4439 10 4453 ⁶
100 4371 132 4424 at
148 4371 316 4427 dicebautO
417 4373 451 4426 28
469 4389 499 4426 eo
518 4371 629 4426 irruo
729 4372 902 4426 dissentionis
922 4371 948 4422 Σ
