<?xml version="1.0" encoding="UTF-8"?>
<!DOCTYPE html PUBLIC "-//W3C//DTD XHTML 1.0 Transitional//EN"
    "http://www.w3.org/TR/xhtml1/DTD/xhtml1-transitional.dtd">
<html xmlns="http://www.w3.org/1999/xhtml" xml:lang="en" lang="en">
 <head>
  <title>
</title>
<meta http-equiv="Content-Type" content="text/html;charset=utf-8" />
  <meta name='ocr-system' content='tesseract 3.04.00' />
  <meta name='ocr-capabilities' content='ocr_page ocr_carea ocr_par ocr_line ocrx_word'/>
</head>
<body>
  <div class='ocr_page' id='page_1' title='image "./corpusscriptoru14wiengoog_0549.png"; bbox 0 0 3009 5200; ppageno 0'>
   <div class='ocr_carea' id='block_1_1' title="bbox 488 431 1218 505">
    <p class='ocr_par' dir='ltr' id='par_1_1' title="bbox 488 431 1218 505">
     <span class='ocr_line' id='line_1_1' title="bbox 488 431 1218 505; baseline 0.025 -18"><span class='ocrx_word' id='word_1_1' title='bbox 488 431 649 487; x_wconf 88' lang='lat' dir='ltr'><strong>Conlatio</strong></span> <span class='ocrx_word' id='word_1_2' title='bbox 670 433 729 499; x_wconf 84' lang='lat' dir='ltr'><strong>XV,</strong></span> <span class='ocrx_word' id='word_1_3' title='bbox 746 435 823 489; x_wconf 84' lang='grc'><strong>3-6.</strong></span> <span class='ocrx_word' id='word_1_4' title='bbox 1155 439 1218 505; x_wconf 82' lang='grc'><strong>431</strong></span> 
     </span>
    </p>
   </div>
   <div class='ocr_carea' id='block_1_2' title="bbox 94 619 1218 706">
    <p class='ocr_par' dir='ltr' id='par_1_2' title="bbox 94 619 1218 706">
     <span class='ocr_line' id='line_1_2' title="bbox 94 619 1218 706; baseline 0.006 -22"><span class='ocrx_word' id='word_1_5' title='bbox 94 620 130 684; x_wconf 90' lang='lat' dir='ltr'><strong>de</strong></span> <span class='ocrx_word' id='word_1_6' title='bbox 154 619 280 685; x_wconf 86' lang='lat' dir='ltr'><strong>heremo</strong></span> <span class='ocrx_word' id='word_1_7' title='bbox 310 621 420 686; x_wconf 78' lang='lat' dir='ltr'><strong>diebm</strong></span> <span class='ocrx_word' id='word_1_8' title='bbox 450 622 755 704; x_wconf 66' lang='lat' dir='ltr'><strong>Quinquagensima</strong></span> <span class='ocrx_word' id='word_1_9' title='bbox 780 624 965 706; x_wconf 83' lang='lat' dir='ltr'><strong>porrexisset</strong></span> <span class='ocrx_word' id='word_1_10' title='bbox 986 624 1059 689; x_wconf 91' lang='lat' dir='ltr'><strong>eta</strong></span> <span class='ocrx_word' id='word_1_11' title='bbox 1089 626 1218 691; x_wconf 89' lang='lat' dir='ltr'><strong>muliere</strong></span> 
     </span>
    </p>
   </div>
   <div class='ocr_carea' id='block_1_3' title="bbox 2 722 1218 811">
    <p class='ocr_par' dir='ltr' id='par_1_3' title="bbox 2 722 1218 811">
     <span class='ocr_line' id='line_1_3' title="bbox 2 722 1218 811; baseline 0.007 -25"><span class='ocrx_word' id='word_1_12' title='bbox 2 733 3 798; x_wconf 54' lang='grc' dir='ltr'>ξ</span> <span class='ocrx_word' id='word_1_13' title='bbox 93 722 225 805; x_wconf 86' lang='lat' dir='ltr'><strong>quadam</strong></span> <span class='ocrx_word' id='word_1_14' title='bbox 258 724 427 805; x_wconf 89' lang='lat' dir='ltr'><strong>paruulum</strong></span> <span class='ocrx_word' id='word_1_15' title='bbox 458 743 552 789; x_wconf 88' lang='lat' dir='ltr'><strong>snum</strong></span> <span class='ocrx_word' id='word_1_16' title='bbox 585 724 679 791; x_wconf 91' lang='lat' dir='ltr'><strong>lactis</strong></span> <span class='ocrx_word' id='word_1_17' title='bbox 712 725 819 808; x_wconf 90' lang='lat' dir='ltr'><strong>inopia</strong></span> <span class='ocrx_word' id='word_1_18' title='bbox 851 726 914 791; x_wconf 89' lang='lat' dir='ltr'><strong>iam</strong></span> <span class='ocrx_word' id='word_1_19' title='bbox 947 726 1091 793; x_wconf 89' lang='lat' dir='ltr'><strong>tabidum</strong></span> <span class='ocrx_word' id='word_1_20' title='bbox 1124 732 1218 811; x_wconf 88' lang='lat' dir='ltr'><strong>atque</strong></span> 
     </span>
    </p>
   </div>
   <div class='ocr_carea' id='block_1_4' title="bbox 0 876 6 2552">
    <p class='ocr_par' dir='ltr' id='par_1_4' title="bbox 0 876 6 2552">
     <span class='ocr_line' id='line_1_4' title="bbox 0 876 6 2552; baseline 0 0"><span class='ocrx_word' id='word_1_21' title='bbox 0 876 6 2552; x_wconf 95' lang='lat' dir='ltr'><strong> </strong></span> 
     </span>
    </p>
   </div>
   <div class='ocr_carea' id='block_1_5' title="bbox 71 826 1218 1219">
    <p class='ocr_par' dir='ltr' id='par_1_5' title="bbox 71 826 1218 1219">
     <span class='ocr_line' id='line_1_5' title="bbox 91 826 1218 914; baseline 0.008 -24"><span class='ocrx_word' id='word_1_22' title='bbox 91 826 279 891; x_wconf 90' lang='lat' dir='ltr'><strong>seminecem</strong></span> <span class='ocrx_word' id='word_1_23' title='bbox 308 827 501 908; x_wconf 67' lang='lat' dir='ltr'><strong>praeferente</strong></span> <span class='ocrx_word' id='word_1_24' title='bbox 533 828 709 895; x_wconf 75' lang='lat' dir='ltr'>lacrimosis</span> <span class='ocrx_word' id='word_1_25' title='bbox 738 830 879 912; x_wconf 86' lang='lat' dir='ltr'><strong>precibus</strong></span> <span class='ocrx_word' id='word_1_26' title='bbox 905 828 1019 896; x_wconf 87' lang='lat' dir='ltr'><strong>fuisset</strong></span> <span class='ocrx_word' id='word_1_27' title='bbox 1040 832 1218 914; x_wconf 85' lang='lat' dir='ltr'><strong>obstrictus,</strong></span> 
     </span>
     <span class='ocr_line' id='line_1_6' title="bbox 93 929 1217 1017; baseline 0.005 -22"><span class='ocrx_word' id='word_1_28' title='bbox 93 929 223 995; x_wconf 88' lang='lat' dir='ltr'><strong>calicem</strong></span> <span class='ocrx_word' id='word_1_29' title='bbox 252 929 283 995; x_wconf 92' lang='lat' dir='ltr'><strong>ei</strong></span> <span class='ocrx_word' id='word_1_30' title='bbox 313 948 412 1012; x_wconf 88' lang='lat' dir='ltr'><strong>aquae</strong></span> <span class='ocrx_word' id='word_1_31' title='bbox 441 932 615 1013; x_wconf 88' lang='lat' dir='ltr'><strong>potandum</strong></span> <span class='ocrx_word' id='word_1_32' title='bbox 645 933 784 1015; x_wconf 90' lang='lat' dir='ltr'><strong>inpresso</strong></span> <span class='ocrx_word' id='word_1_33' title='bbox 814 932 915 997; x_wconf 87' lang='lat' dir='ltr'><strong>crucis</strong></span> <span class='ocrx_word' id='word_1_34' title='bbox 937 934 1099 1017; x_wconf 85' lang='lat' dir='ltr'><strong>signaculo</strong></span> <span class='ocrx_word' id='word_1_35' title='bbox 1122 934 1217 1014; x_wconf 88' lang='lat' dir='ltr'><strong>dedit,</strong></span> 
     </span>
     <span class='ocr_line' id='line_1_7' title="bbox 71 1032 1217 1121; baseline 0.003 -22"><span class='ocrx_word' id='word_1_36' title='bbox 71 1032 179 1099; x_wconf 77' lang='lat' dir='ltr'><strong>scrius</strong></span> <span class='ocrx_word' id='word_1_37' title='bbox 208 1032 325 1098; x_wconf 87' lang='lat' dir='ltr'><strong>haustu</strong></span> <span class='ocrx_word' id='word_1_38' title='bbox 357 1034 525 1099; x_wconf 72' lang='lat' dir='ltr'><strong>confestim</strong></span> <span class='ocrx_word' id='word_1_39' title='bbox 557 1036 674 1101; x_wconf 89' lang='lat' dir='ltr'><strong>mirum</strong></span> <span class='ocrx_word' id='word_1_40' title='bbox 695 1035 729 1099; x_wconf 93' lang='lat' dir='ltr'><strong>in</strong></span> <span class='ocrx_word' id='word_1_41' title='bbox 750 1035 877 1101; x_wconf 89' lang='lat' dir='ltr'><strong>modurn</strong></span> <span class='ocrx_word' id='word_1_42' title='bbox 902 1036 988 1102; x_wconf 88' lang='lat' dir='ltr'><strong>arida</strong></span> <span class='ocrx_word' id='word_1_43' title='bbox 1009 1037 1071 1103; x_wconf 87' lang='lat' dir='ltr'><strong>iam</strong></span> <span class='ocrx_word' id='word_1_44' title='bbox 1094 1039 1217 1121; x_wconf 89' lang='lat' dir='ltr'><strong>ponitus</strong></span> 
     </span>
     <span class='ocr_line' id='line_1_8' title="bbox 89 1135 809 1219; baseline 0.003 -18"><span class='ocrx_word' id='word_1_45' title='bbox 89 1137 186 1201; x_wconf 81' lang='lat' dir='ltr'><strong>ubera</strong></span> <span class='ocrx_word' id='word_1_46' title='bbox 208 1135 301 1201; x_wconf 89' lang='lat' dir='ltr'><strong>lactis</strong></span> <span class='ocrx_word' id='word_1_47' title='bbox 323 1140 412 1219; x_wconf 89' lang='lat' dir='ltr'><strong>copia</strong></span> <span class='ocrx_word' id='word_1_48' title='bbox 433 1138 624 1203; x_wconf 80' lang='lat' dir='ltr'><strong>redundante</strong></span> <span class='ocrx_word' id='word_1_49' title='bbox 645 1137 809 1213; x_wconf 83' lang='lat' dir='ltr'><strong>finxerunt.</strong></span> 
     </span>
    </p>
   </div>
   <div class='ocr_carea' id='block_1_6' title="bbox 60 1254 1216 2602">
    <p class='ocr_par' dir='ltr' id='par_1_6' title="bbox 89 1254 1216 1551">
     <span class='ocr_line' id='line_1_9' title="bbox 131 1254 1216 1342; baseline 0.006 -24"><span class='ocrx_word' id='word_1_50' title='bbox 131 1254 172 1322; x_wconf 84' lang='lat' dir='ltr'><strong>V.</strong></span> <span class='ocrx_word' id='word_1_51' title='bbox 203 1255 263 1319; x_wconf 90' lang='lat' dir='ltr'><strong>Vel</strong></span> <span class='ocrx_word' id='word_1_52' title='bbox 293 1275 364 1322; x_wconf 90' lang='lat' dir='ltr'><strong>cnm</strong></span> <span class='ocrx_word' id='word_1_53' title='bbox 393 1258 477 1323; x_wconf 92' lang='lat' dir='ltr'><strong>idem</strong></span> <span class='ocrx_word' id='word_1_54' title='bbox 501 1260 568 1341; x_wconf 90' lang='lat' dir='ltr'><strong>ipse</strong></span> <span class='ocrx_word' id='word_1_55' title='bbox 590 1278 722 1342; x_wconf 85' lang='lat' dir='ltr'><strong>pergens</strong></span> <span class='ocrx_word' id='word_1_56' title='bbox 742 1263 782 1327; x_wconf 90' lang='lat' dir='ltr'><strong>ad</strong></span> <span class='ocrx_word' id='word_1_57' title='bbox 805 1260 911 1325; x_wconf 86' lang='lat' dir='ltr'><strong>uicum</strong></span> <span class='ocrx_word' id='word_1_58' title='bbox 933 1260 1145 1325; x_wconf 88' lang='lat' dir='ltr'><strong>circumdatus</strong></span> <span class='ocrx_word' id='word_1_59' title='bbox 1168 1266 1216 1325; x_wconf 88' lang='lat' dir='ltr'><strong>est</strong></span> 
     </span>
     <span class='ocr_line' id='line_1_10' title="bbox 89 1358 1215 1445; baseline 0.004 -22"><span class='ocrx_word' id='word_1_60' title='bbox 89 1358 303 1425; x_wconf 88' lang='lat' dir='ltr'><strong>inludentinm</strong></span> <span class='ocrx_word' id='word_1_61' title='bbox 320 1360 432 1438; x_wconf 88' lang='lat' dir='ltr'><strong>turbis,</strong></span> <span class='ocrx_word' id='word_1_62' title='bbox 455 1364 510 1444; x_wconf 89' lang='lat' dir='ltr'><strong>qui</strong></span> <span class='ocrx_word' id='word_1_63' title='bbox 531 1362 760 1427; x_wconf 75' lang='lat' dir='ltr'><strong>subsannantes</strong></span> <span class='ocrx_word' id='word_1_64' title='bbox 782 1362 989 1427; x_wconf 87' lang='lat' dir='ltr'><strong>ostendebant</strong></span> <span class='ocrx_word' id='word_1_65' title='bbox 1011 1364 1039 1427; x_wconf 89' lang='lat' dir='ltr'><strong>ai</strong></span> <span class='ocrx_word' id='word_1_66' title='bbox 1060 1362 1215 1445; x_wconf 84' lang='lat' dir='ltr'><strong>quendam</strong></span> 
     </span>
     <span class='ocr_line' id='line_1_11' title="bbox 89 1462 1215 1551; baseline 0.002 -24"><span class='ocrx_word' id='word_1_67' title='bbox 89 1462 250 1528; x_wconf 90' lang='lat' dir='ltr'><strong>hominem</strong></span> <span class='ocrx_word' id='word_1_68' title='bbox 283 1466 444 1529; x_wconf 84' lang='lat' dir='ltr'><strong>contracto</strong></span> <span class='ocrx_word' id='word_1_69' title='bbox 479 1482 562 1549; x_wconf 80' lang='lat' dir='ltr'><strong>genu</strong></span> <span class='ocrx_word' id='word_1_70' title='bbox 594 1466 704 1531; x_wconf 89' lang='lat' dir='ltr'><strong>multis</strong></span> <span class='ocrx_word' id='word_1_71' title='bbox 736 1466 800 1531; x_wconf 92' lang='lat' dir='ltr'><strong>iam</strong></span> <span class='ocrx_word' id='word_1_72' title='bbox 834 1466 924 1532; x_wconf 91' lang='lat' dir='ltr'><strong>aunis</strong></span> <span class='ocrx_word' id='word_1_73' title='bbox 956 1484 1081 1551; x_wconf 83' lang='lat' dir='ltr'><strong>gressus</strong></span> <span class='ocrx_word' id='word_1_74' title='bbox 1114 1464 1215 1530; x_wconf 87' lang='lat' dir='ltr'><strong>officio</strong></span> 
     </span>
    </p>

    <p class='ocr_par' dir='ltr' id='par_1_7' title="bbox 60 1566 1216 2066">
     <span class='ocr_line' id='line_1_12' title="bbox 60 1566 1214 1651; baseline -0.001 -18"><span class='ocrx_word' id='word_1_75' title='bbox 60 1566 279 1633; x_wconf 78' lang='lat' dir='ltr'><strong>adestitntum</strong></span> <span class='ocrx_word' id='word_1_76' title='bbox 309 1569 342 1632; x_wconf 94' lang='lat' dir='ltr'><strong>et</strong></span> <span class='ocrx_word' id='word_1_77' title='bbox 371 1568 501 1651; x_wconf 89' lang='lat' dir='ltr'><strong>antiqua</strong></span> <span class='ocrx_word' id='word_1_78' title='bbox 533 1568 697 1634; x_wconf 89' lang='lat' dir='ltr'><strong>debilitate</strong></span> <span class='ocrx_word' id='word_1_79' title='bbox 730 1570 919 1651; x_wconf 87' lang='lat' dir='ltr'><strong>reptantem,</strong></span> <span class='ocrx_word' id='word_1_80' title='bbox 952 1587 988 1633; x_wconf 88' lang='lat' dir='ltr'><strong>sc</strong></span> <span class='ocrx_word' id='word_1_81' title='bbox 1022 1568 1214 1651; x_wconf 85' lang='lat' dir='ltr'><strong>temptantes</strong></span> 
     </span>
     <span class='ocr_line' id='line_1_13' title="bbox 89 1671 1216 1753; baseline 0 -17"><span class='ocrx_word' id='word_1_82' title='bbox 89 1690 171 1751; x_wconf 70' lang='lat' dir='ltr'><strong>oum</strong></span> <span class='ocrx_word' id='word_1_83' title='bbox 202 1672 340 1749; x_wconf 86' lang='lat' dir='ltr'><strong>ostenda,</strong></span> <span class='ocrx_word' id='word_1_84' title='bbox 370 1671 508 1751; x_wconf 85' lang='lat' dir='ltr'><strong>aiebant,</strong></span> <span class='ocrx_word' id='word_1_85' title='bbox 538 1672 617 1739; x_wconf 92' lang='lat' dir='ltr'><strong>abba</strong></span> <span class='ocrx_word' id='word_1_86' title='bbox 646 1674 818 1753; x_wconf 82' lang='lat' dir='ltr'><strong>Abraham,</strong></span> <span class='ocrx_word' id='word_1_87' title='bbox 849 1673 877 1738; x_wconf 91' lang='lat' dir='ltr'><strong>si</strong></span> <span class='ocrx_word' id='word_1_88' title='bbox 906 1691 1014 1738; x_wconf 88' lang='lat' dir='ltr'><strong>seruus</strong></span> <span class='ocrx_word' id='word_1_89' title='bbox 1044 1690 1078 1737; x_wconf 89' lang='lat' dir='ltr'><strong>es</strong></span> <span class='ocrx_word' id='word_1_90' title='bbox 1101 1672 1161 1752; x_wconf 89' lang='lat' dir='ltr'><strong>dei,</strong></span> <span class='ocrx_word' id='word_1_91' title='bbox 1184 1672 1216 1736; x_wconf 88' lang='lat' dir='ltr'><strong>ot</strong></span> 
     </span>
     <span class='ocr_line' id='line_1_14' title="bbox 88 1775 1215 1860; baseline 0 -20"><span class='ocrx_word' id='word_1_92' title='bbox 88 1776 222 1841; x_wconf 88' lang='lat' dir='ltr'><strong>restitue</strong></span> <span class='ocrx_word' id='word_1_93' title='bbox 244 1775 326 1841; x_wconf 90' lang='lat' dir='ltr'><strong>hunc</strong></span> <span class='ocrx_word' id='word_1_94' title='bbox 348 1776 503 1858; x_wconf 85' lang='lat' dir='ltr'><strong>pristinae</strong></span> <span class='ocrx_word' id='word_1_95' title='bbox 525 1776 665 1860; x_wconf 87' lang='lat' dir='ltr'><strong>sanitati,</strong></span> <span class='ocrx_word' id='word_1_96' title='bbox 688 1778 725 1841; x_wconf 91' lang='lat' dir='ltr'><strong>nt</strong></span> <span class='ocrx_word' id='word_1_97' title='bbox 747 1795 860 1842; x_wconf 91' lang='lat' dir='ltr'><strong>nomen</strong></span> <span class='ocrx_word' id='word_1_98' title='bbox 884 1775 1002 1843; x_wconf 74' lang='lat' dir='ltr'><strong>Christi</strong></span> <span class='ocrx_word' id='word_1_99' title='bbox 1024 1794 1117 1858; x_wconf 89' lang='lat' dir='ltr'><strong>quem</strong></span> <span class='ocrx_word' id='word_1_100' title='bbox 1140 1775 1215 1841; x_wconf 90' lang='lat' dir='ltr'><strong>eolis</strong></span> 
     </span>
     <span class='ocr_line' id='line_1_15' title="bbox 88 1878 1215 1947; baseline 0 -3"><span class='ocrx_word' id='word_1_101' title='bbox 88 1898 205 1945; x_wconf 86' lang='lat' dir='ltr'><strong>nauum</strong></span> <span class='ocrx_word' id='word_1_102' title='bbox 226 1896 288 1945; x_wconf 90' lang='lat' dir='ltr'><strong>uon</strong></span> <span class='ocrx_word' id='word_1_103' title='bbox 309 1896 377 1945; x_wconf 87' lang='lat' dir='ltr'><strong>osse</strong></span> <span class='ocrx_word' id='word_1_104' title='bbox 393 1881 563 1946; x_wconf 89' lang='lat' dir='ltr'><strong>credamus.</strong></span> <span class='ocrx_word' id='word_1_105' title='bbox 596 1883 666 1945; x_wconf 89' lang='lat' dir='ltr'><strong>tum</strong></span> <span class='ocrx_word' id='word_1_106' title='bbox 683 1880 739 1945; x_wconf 83' lang='lat' dir='ltr'><strong>ilie</strong></span> <span class='ocrx_word' id='word_1_107' title='bbox 755 1881 923 1947; x_wconf 77' lang='lat' dir='ltr'><strong>confestim</strong></span> <span class='ocrx_word' id='word_1_108' title='bbox 938 1882 1081 1947; x_wconf 87' lang='lat' dir='ltr'><strong>inuocato</strong></span> <span class='ocrx_word' id='word_1_109' title='bbox 1097 1878 1215 1945; x_wconf 82' lang='lat' dir='ltr'><strong>Christi</strong></span> 
     </span>
     <span class='ocr_line' id='line_1_16' title="bbox 88 1980 1214 2066; baseline -0.001 -20"><span class='ocrx_word' id='word_1_110' title='bbox 88 1983 215 2049; x_wconf 88' lang='lat' dir='ltr'><strong>nomine</strong></span> <span class='ocrx_word' id='word_1_111' title='bbox 244 1983 400 2049; x_wconf 84' lang='lat' dir='ltr'><strong>inclinans</strong></span> <span class='ocrx_word' id='word_1_112' title='bbox 428 2002 462 2047; x_wconf 90' lang='lat' dir='ltr'><strong>se</strong></span> <span class='ocrx_word' id='word_1_113' title='bbox 491 1986 525 2048; x_wconf 90' lang='lat' dir='ltr'><strong>et</strong></span> <span class='ocrx_word' id='word_1_114' title='bbox 549 1984 781 2066; x_wconf 87' lang='lat' dir='ltr'><strong>adprehendens</strong></span> <span class='ocrx_word' id='word_1_115' title='bbox 803 1982 926 2049; x_wconf 91' lang='lat' dir='ltr'><strong>aridum</strong></span> <span class='ocrx_word' id='word_1_116' title='bbox 948 1984 1056 2066; x_wconf 90' lang='lat' dir='ltr'><strong>pedem</strong></span> <span class='ocrx_word' id='word_1_117' title='bbox 1079 1980 1214 2046; x_wconf 89' lang='lat' dir='ltr'><strong>hominis</strong></span> 
     </span>
    </p>

    <p class='ocr_par' dir='ltr' id='par_1_8' title="bbox 60 2086 1212 2373">
     <span class='ocr_line' id='line_1_17' title="bbox 60 2086 1212 2168; baseline -0.003 -17"><span class='ocrx_word' id='word_1_118' title='bbox 60 2086 195 2152; x_wconf 81' lang='lat' dir='ltr'><strong>straxit.</strong></span> <span class='ocrx_word' id='word_1_119' title='bbox 234 2086 323 2152; x_wconf 87' lang='lat' dir='ltr'><strong>cuins</strong></span> <span class='ocrx_word' id='word_1_120' title='bbox 345 2088 435 2152; x_wconf 84' lang='lat' dir='ltr'><strong>tactu</strong></span> <span class='ocrx_word' id='word_1_121' title='bbox 456 2089 603 2154; x_wconf 90' lang='lat' dir='ltr'><strong>contiuno</strong></span> <span class='ocrx_word' id='word_1_122' title='bbox 626 2089 745 2153; x_wconf 91' lang='lat' dir='ltr'><strong>siccum</strong></span> <span class='ocrx_word' id='word_1_123' title='bbox 766 2103 849 2168; x_wconf 84' lang='lat' dir='ltr'><strong>genn</strong></span> <span class='ocrx_word' id='word_1_124' title='bbox 871 2087 1094 2166; x_wconf 88' lang='lat' dir='ltr'><strong>iucnrunmqus</strong></span> <span class='ocrx_word' id='word_1_125' title='bbox 1116 2086 1212 2150; x_wconf 88' lang='lat' dir='ltr'><strong>dirac-</strong></span> 
     </span>
     <span class='ocr_line' id='line_1_18' title="bbox 88 2187 1212 2274; baseline -0.003 -20"><span class='ocrx_word' id='word_1_126' title='bbox 88 2194 157 2254; x_wconf 91' lang='lat' dir='ltr'><strong>tnm</strong></span> <span class='ocrx_word' id='word_1_127' title='bbox 179 2193 229 2255; x_wconf 89' lang='lat' dir='ltr'><strong>est</strong></span> <span class='ocrx_word' id='word_1_128' title='bbox 251 2206 287 2256; x_wconf 89' lang='lat' dir='ltr'><strong>ac</strong></span> <span class='ocrx_word' id='word_1_129' title='bbox 306 2193 431 2272; x_wconf 85' lang='lat' dir='ltr'><strong>recepto</strong></span> <span class='ocrx_word' id='word_1_130' title='bbox 451 2208 509 2255; x_wconf 88' lang='lat' dir='ltr'><strong>nso</strong></span> <span class='ocrx_word' id='word_1_131' title='bbox 531 2208 705 2274; x_wconf 80' lang='lat' dir='ltr'><strong>gressuum,</strong></span> <span class='ocrx_word' id='word_1_132' title='bbox 736 2208 829 2273; x_wconf 91' lang='lat' dir='ltr'><strong>quem</strong></span> <span class='ocrx_word' id='word_1_133' title='bbox 855 2188 1004 2255; x_wconf 90' lang='lat' dir='ltr'><strong>obliuioni</strong></span> <span class='ocrx_word' id='word_1_134' title='bbox 1026 2189 1090 2253; x_wconf 89' lang='lat' dir='ltr'><strong>iam</strong></span> <span class='ocrx_word' id='word_1_135' title='bbox 1112 2187 1212 2252; x_wconf 86' lang='lat' dir='ltr'><strong>tradi·</strong></span> 
     </span>
     <span class='ocr_line' id='line_1_19' title="bbox 89 2291 800 2373; baseline 0.001 -15"><span class='ocrx_word' id='word_1_136' title='bbox 89 2294 176 2358; x_wconf 88' lang='lat' dir='ltr'><strong>derat</strong></span> <span class='ocrx_word' id='word_1_137' title='bbox 198 2310 316 2358; x_wconf 88' lang='lat' dir='ltr'><strong>annosa</strong></span> <span class='ocrx_word' id='word_1_138' title='bbox 337 2291 494 2373; x_wconf 89' lang='lat' dir='ltr'><strong>debilitas,</strong></span> <span class='ocrx_word' id='word_1_139' title='bbox 520 2296 620 2359; x_wconf 88' lang='lat' dir='ltr'><strong>laetus</strong></span> <span class='ocrx_word' id='word_1_140' title='bbox 642 2293 800 2360; x_wconf 88' lang='lat' dir='ltr'><strong>abscessit.</strong></span> 
     </span>
    </p>

    <p class='ocr_par' dir='ltr' id='par_1_9' title="bbox 90 2412 1212 2602">
     <span class='ocr_line' id='line_1_20' title="bbox 129 2412 1212 2497; baseline -0.003 -19"><span class='ocrx_word' id='word_1_141' title='bbox 129 2414 186 2478; x_wconf 81' lang='lat' dir='ltr'><strong>VI.</strong></span> <span class='ocrx_word' id='word_1_142' title='bbox 209 2414 254 2479; x_wconf 86' lang='lat' dir='ltr'><strong>Hi</strong></span> <span class='ocrx_word' id='word_1_143' title='bbox 275 2415 383 2497; x_wconf 91' lang='lat' dir='ltr'><strong>itaque</strong></span> <span class='ocrx_word' id='word_1_144' title='bbox 404 2414 465 2477; x_wconf 90' lang='lat' dir='ltr'><strong>uiri</strong></span> <span class='ocrx_word' id='word_1_145' title='bbox 487 2414 567 2479; x_wconf 90' lang='lat' dir='ltr'><strong>nihil</strong></span> <span class='ocrx_word' id='word_1_146' title='bbox 589 2414 653 2479; x_wconf 91' lang='lat' dir='ltr'><strong>sibi</strong></span> <span class='ocrx_word' id='word_1_147' title='bbox 675 2432 730 2496; x_wconf 90' lang='lat' dir='ltr'><strong>pro</strong></span> <span class='ocrx_word' id='word_1_148' title='bbox 754 2414 868 2479; x_wconf 85' lang='lat' dir='ltr'><strong>telium</strong></span> <span class='ocrx_word' id='word_1_149' title='bbox 883 2412 1078 2479; x_wconf 88' lang='lat' dir='ltr'><strong>mirabilium</strong></span> <span class='ocrx_word' id='word_1_150' title='bbox 1094 2412 1212 2476; x_wconf 88' lang='lat' dir='ltr'><strong>uirtute</strong></span> 
     </span>
     <span class='ocr_line' id='line_1_21' title="bbox 90 2515 1212 2602; baseline -0.004 -20"><span class='ocrx_word' id='word_1_151' title='bbox 90 2516 255 2595; x_wconf 85' lang='lat' dir='ltr'><strong>donabant,</strong></span> <span class='ocrx_word' id='word_1_152' title='bbox 289 2516 362 2598; x_wconf 88' lang='lat' dir='ltr'><strong>quia</strong></span> <span class='ocrx_word' id='word_1_153' title='bbox 391 2534 452 2581; x_wconf 92' lang='lat' dir='ltr'><strong>non</strong></span> <span class='ocrx_word' id='word_1_154' title='bbox 475 2517 551 2581; x_wconf 88' lang='lat' dir='ltr'><strong>haec</strong></span> <span class='ocrx_word' id='word_1_155' title='bbox 579 2534 641 2581; x_wconf 88' lang='lat' dir='ltr'><strong>sno</strong></span> <span class='ocrx_word' id='word_1_156' title='bbox 659 2519 771 2583; x_wconf 90' lang='lat' dir='ltr'><strong>merito</strong></span> <span class='ocrx_word' id='word_1_157' title='bbox 794 2516 855 2602; x_wconf 83' lang='lat' dir='ltr'><strong>agi,</strong></span> <span class='ocrx_word' id='word_1_158' title='bbox 879 2520 932 2583; x_wconf 90' lang='lat' dir='ltr'><strong>sed</strong></span> <span class='ocrx_word' id='word_1_159' title='bbox 954 2515 1070 2582; x_wconf 89' lang='lat' dir='ltr'><strong>domiui</strong></span> <span class='ocrx_word' id='word_1_160' title='bbox 1092 2517 1212 2581; x_wconf 88' lang='lat' dir='ltr'><strong>miseri·</strong></span> 
     </span>
    </p>
   </div>
   <div class='ocr_carea' id='block_1_7' title="bbox 2 2620 1212 2909">
    <p class='ocr_par' dir='ltr' id='par_1_10' title="bbox 2 2620 1212 2909">
     <span class='ocr_line' id='line_1_22' title="bbox 2 2620 1212 2715; baseline 0 -33"><span class='ocrx_word' id='word_1_161' title='bbox 2 2638 3 2715; x_wconf 38' lang='grc' dir='ltr'><strong>ς</strong></span> <span class='ocrx_word' id='word_1_162' title='bbox 61 2622 190 2686; x_wconf 72' lang='lat' dir='ltr'><strong>socordia</strong></span> <span class='ocrx_word' id='word_1_163' title='bbox 212 2620 401 2698; x_wconf 74' lang='lat' dir='ltr'><strong>fatebantur,</strong></span> <span class='ocrx_word' id='word_1_164' title='bbox 423 2621 602 2705; x_wconf 89' lang='lat' dir='ltr'><strong>apostolicis</strong></span> <span class='ocrx_word' id='word_1_165' title='bbox 633 2621 739 2686; x_wconf 90' lang='lat' dir='ltr'><strong>uerbis</strong></span> <span class='ocrx_word' id='word_1_166' title='bbox 769 2621 802 2687; x_wconf 94' lang='lat' dir='ltr'><strong>in</strong></span> <span class='ocrx_word' id='word_1_167' title='bbox 825 2621 1029 2688; x_wconf 86' lang='lat' dir='ltr'><strong>admiratione</strong></span> <span class='ocrx_word' id='word_1_168' title='bbox 1051 2621 1212 2703; x_wconf 87' lang='lat' dir='ltr'><strong>signorum</strong></span> 
     </span>
     <span class='ocr_line' id='line_1_23' title="bbox 2 2722 1210 2807; baseline -0.002 -18"><span class='ocrx_word' id='word_1_169' title='bbox 2 2756 3 2759; x_wconf 36' lang='lat'>¹</span> <span class='ocrx_word' id='word_1_170' title='bbox 91 2724 259 2789; x_wconf 86' lang='lat' dir='ltr'><strong>humanam</strong></span> <span class='ocrx_word' id='word_1_171' title='bbox 288 2724 422 2807; x_wconf 83' lang='lat' dir='ltr'><strong>gloriam</strong></span> <span class='ocrx_word' id='word_1_172' title='bbox 450 2724 642 2790; x_wconf 73' lang='lat' dir='ltr'><strong>rafntmtes:</strong></span> <span class='ocrx_word' id='word_1_173' title='bbox 676 2725 758 2789; x_wconf 91' lang='lat' dir='ltr'><strong>uiri</strong></span> <span class='ocrx_word' id='word_1_174' title='bbox 787 2723 950 2802; x_wconf 91' lang='lat' dir='ltr'><strong>fratros,</strong></span> <span class='ocrx_word' id='word_1_175' title='bbox 980 2722 1069 2806; x_wconf 90' lang='lat' dir='ltr'><strong>qnid</strong></span> <span class='ocrx_word' id='word_1_176' title='bbox 1098 2722 1210 2786; x_wconf 90' lang='lat' dir='ltr'><strong>mira-</strong></span> 
     </span>
     <span class='ocr_line' id='line_1_24' title="bbox 2 2825 1212 2909; baseline -0.004 -17"><span class='ocrx_word' id='word_1_177' title='bbox 2 2830 3 2849; x_wconf 63' lang='lat'><em>*</em></span> <span class='ocrx_word' id='word_1_178' title='bbox 90 2827 185 2892; x_wconf 90' lang='lat' dir='ltr'><strong>mini</strong></span> <span class='ocrx_word' id='word_1_179' title='bbox 206 2827 248 2891; x_wconf 92' lang='lat' dir='ltr'><strong>in</strong></span> <span class='ocrx_word' id='word_1_180' title='bbox 269 2828 356 2904; x_wconf 91' lang='lat' dir='ltr'><strong>boc,</strong></span> <span class='ocrx_word' id='word_1_181' title='bbox 379 2828 447 2892; x_wconf 90' lang='lat' dir='ltr'><strong>ant</strong></span> <span class='ocrx_word' id='word_1_182' title='bbox 467 2845 538 2892; x_wconf 92' lang='lat' dir='ltr'><strong>nos</strong></span> <span class='ocrx_word' id='word_1_183' title='bbox 560 2826 651 2909; x_wconf 91' lang='lat' dir='ltr'><strong>quid</strong></span> <span class='ocrx_word' id='word_1_184' title='bbox 682 2827 919 2904; x_wconf 89' lang='lat' dir='ltr'><strong>intuemini,</strong></span> <span class='ocrx_word' id='word_1_185' title='bbox 943 2825 1054 2909; x_wconf 88' lang='lat' dir='ltr'><strong>quasi</strong></span> <span class='ocrx_word' id='word_1_186' title='bbox 1075 2825 1212 2890; x_wconf 89' lang='lat' dir='ltr'><strong>nostra</strong></span> 
     </span>
    </p>
   </div>
   <div class='ocr_carea' id='block_1_8' title="bbox 90 2929 1211 3012">
    <p class='ocr_par' dir='ltr' id='par_1_11' title="bbox 90 2929 1211 3012">
     <span class='ocr_line' id='line_1_25' title="bbox 90 2929 1211 3012; baseline 0 -19"><span class='ocrx_word' id='word_1_187' title='bbox 90 2931 241 2995; x_wconf 88' lang='lat' dir='ltr'><strong>uirtute</strong></span> <span class='ocrx_word' id='word_1_188' title='bbox 262 2930 332 2995; x_wconf 88' lang='lat' dir='ltr'><strong>aut</strong></span> <span class='ocrx_word' id='word_1_189' title='bbox 353 2931 510 3012; x_wconf 89' lang='lat' dir='ltr'><strong>pietate</strong></span> <span class='ocrx_word' id='word_1_190' title='bbox 532 2931 743 2996; x_wconf 81' lang='lat' dir='ltr'><strong>fecerimus</strong></span> <span class='ocrx_word' id='word_1_191' title='bbox 771 2931 874 2996; x_wconf 90' lang='lat' dir='ltr'><strong>huno</strong></span> <span class='ocrx_word' id='word_1_192' title='bbox 896 2929 1120 2996; x_wconf 78' lang='lat' dir='ltr'><strong>ambulare?</strong></span> <span class='ocrx_word' id='word_1_193' title='bbox 1154 2947 1211 2994; x_wconf 88' lang='lat' dir='ltr'><strong>neo</strong></span> 
     </span>
    </p>
   </div>
   <div class='ocr_carea' id='block_1_9' title="bbox 2 3032 1212 3221">
    <p class='ocr_par' dir='ltr' id='par_1_12' title="bbox 2 3032 1212 3221">
     <span class='ocr_line' id='line_1_26' title="bbox 2 3032 1210 3116; baseline -0.004 -15"><span class='ocrx_word' id='word_1_194' title='bbox 2 3068 3 3113; x_wconf 67' lang='lat'>3</span> <span class='ocrx_word' id='word_1_195' title='bbox 89 3051 276 3116; x_wconf 84' lang='lat' dir='ltr'><strong>quemqnam</strong></span> <span class='ocrx_word' id='word_1_196' title='bbox 296 3036 328 3099; x_wconf 92' lang='lat' dir='ltr'><strong>in</strong></span> <span class='ocrx_word' id='word_1_197' title='bbox 352 3033 443 3099; x_wconf 92' lang='lat' dir='ltr'><strong>donis</strong></span> <span class='ocrx_word' id='word_1_198' title='bbox 464 3052 500 3099; x_wconf 87' lang='lat' dir='ltr'><strong>ao</strong></span> <span class='ocrx_word' id='word_1_199' title='bbox 522 3033 723 3100; x_wconf 87' lang='lat' dir='ltr'><strong>mirabilibus</strong></span> <span class='ocrx_word' id='word_1_200' title='bbox 745 3035 804 3114; x_wconf 90' lang='lat' dir='ltr'><strong>dei,</strong></span> <span class='ocrx_word' id='word_1_201' title='bbox 831 3033 885 3100; x_wconf 90' lang='lat' dir='ltr'><strong>sed</strong></span> <span class='ocrx_word' id='word_1_202' title='bbox 906 3033 1011 3116; x_wconf 90' lang='lat' dir='ltr'><strong>potins</strong></span> <span class='ocrx_word' id='word_1_203' title='bbox 1026 3051 1061 3098; x_wconf 85' lang='lat' dir='ltr'><strong>er</strong></span> <span class='ocrx_word' id='word_1_204' title='bbox 1076 3032 1210 3116; x_wconf 90' lang='lat' dir='ltr'><strong>propriis</strong></span> 
     </span>
     <span class='ocr_line' id='line_1_27' title="bbox 2 3135 1212 3221; baseline 0 -21"><span class='ocrx_word' id='word_1_205' title='bbox 2 3204 3 3221; x_wconf 51' lang='lat'><strong>,</strong></span> <span class='ocrx_word' id='word_1_206' title='bbox 59 3137 243 3202; x_wconf 80' lang='lat' dir='ltr'><strong>snirtntnm</strong></span> <span class='ocrx_word' id='word_1_207' title='bbox 264 3137 419 3202; x_wconf 85' lang='lat' dir='ltr'><strong>fmctibus</strong></span> <span class='ocrx_word' id='word_1_208' title='bbox 439 3138 683 3219; x_wconf 85' lang='lat' dir='ltr'><strong>praedicandum</strong></span> <span class='ocrx_word' id='word_1_209' title='bbox 708 3157 774 3204; x_wconf 89' lang='lat' dir='ltr'><strong>esso</strong></span> <span class='ocrx_word' id='word_1_210' title='bbox 797 3139 974 3215; x_wconf 88' lang='lat' dir='ltr'><strong>censebant,</strong></span> <span class='ocrx_word' id='word_1_211' title='bbox 990 3136 1044 3218; x_wconf 91' lang='lat' dir='ltr'><strong>qni</strong></span> <span class='ocrx_word' id='word_1_212' title='bbox 1059 3135 1212 3202; x_wconf 88' lang='lat' dir='ltr'><strong>industria</strong></span> 
     </span>
    </p>
   </div>
   <div class='ocr_carea' id='block_1_10' title="bbox 87 3240 1239 3426">
    <p class='ocr_par' dir='ltr' id='par_1_13' title="bbox 87 3240 1239 3426">
     <span class='ocr_line' id='line_1_28' title="bbox 88 3240 1239 3325; baseline 0.005 -21"><span class='ocrx_word' id='word_1_213' title='bbox 88 3240 201 3305; x_wconf 85' lang='lat' dir='ltr'><strong>mentis</strong></span> <span class='ocrx_word' id='word_1_214' title='bbox 231 3243 263 3304; x_wconf 91' lang='lat' dir='ltr'><strong>et</strong></span> <span class='ocrx_word' id='word_1_215' title='bbox 292 3257 421 3322; x_wconf 89' lang='lat' dir='ltr'><strong>operum</strong></span> <span class='ocrx_word' id='word_1_216' title='bbox 449 3241 568 3305; x_wconf 81' lang='lat' dir='ltr'><strong>nhtnte</strong></span> <span class='ocrx_word' id='word_1_217' title='bbox 597 3245 798 3325; x_wconf 82' lang='lat' dir='ltr'><strong>generantur.</strong></span> <span class='ocrx_word' id='word_1_218' title='bbox 835 3241 1016 3324; x_wconf 89' lang='lat' dir='ltr'><strong>plerumque</strong></span> <span class='ocrx_word' id='word_1_219' title='bbox 1049 3241 1140 3319; x_wconf 85' lang='lat' dir='ltr'><strong>eninr,</strong></span> <span class='ocrx_word' id='word_1_220' title='bbox 1174 3241 1239 3310; x_wconf 69' lang='lat' dir='ltr'><strong>nti</strong></span> 
     </span>
     <span class='ocr_line' id='line_1_29' title="bbox 87 3341 1211 3426; baseline -0.001 -18"><span class='ocrx_word' id='word_1_221' title='bbox 87 3361 179 3426; x_wconf 88' lang='lat' dir='ltr'><strong>supra</strong></span> <span class='ocrx_word' id='word_1_222' title='bbox 199 3344 265 3408; x_wconf 88' lang='lat' dir='ltr'><strong>iam</strong></span> <span class='ocrx_word' id='word_1_223' title='bbox 288 3343 407 3409; x_wconf 88' lang='lat' dir='ltr'><strong>dictum</strong></span> <span class='ocrx_word' id='word_1_224' title='bbox 430 3347 487 3420; x_wconf 88' lang='lat' dir='ltr'><strong>est,</strong></span> <span class='ocrx_word' id='word_1_225' title='bbox 511 3343 653 3409; x_wconf 89' lang='lat' dir='ltr'><strong>homines</strong></span> <span class='ocrx_word' id='word_1_226' title='bbox 681 3345 786 3409; x_wconf 89' lang='lat' dir='ltr'><strong>mente</strong></span> <span class='ocrx_word' id='word_1_227' title='bbox 815 3344 964 3426; x_wconf 91' lang='lat' dir='ltr'><strong>corrupti,</strong></span> <span class='ocrx_word' id='word_1_228' title='bbox 986 3341 1107 3426; x_wconf 90' lang='lat' dir='ltr'><strong>reprobi</strong></span> <span class='ocrx_word' id='word_1_229' title='bbox 1131 3342 1211 3407; x_wconf 88' lang='lat' dir='ltr'><strong>circa</strong></span> 
     </span>
    </p>
   </div>
   <div class='ocr_carea' id='block_1_11' title="bbox 185 3562 398 3630">
    <p class='ocr_par' dir='ltr' id='par_1_14' title="bbox 185 3562 398 3630">
     <span class='ocr_line' id='line_1_30' title="bbox 185 3562 398 3630; baseline -0.005 -14"><span class='ocrx_word' id='word_1_230' title='bbox 185 3562 222 3616; x_wconf 77' lang='lat'><strong>21</strong></span> <span class='ocrx_word' id='word_1_231' title='bbox 239 3564 301 3618; x_wconf 78' lang='lat' dir='ltr'><strong>sca.</strong></span> <span class='ocrx_word' id='word_1_232' title='bbox 319 3564 345 3630; x_wconf 84' lang='lat'><strong>3,</strong></span> <span class='ocrx_word' id='word_1_233' title='bbox 365 3563 398 3616; x_wconf 78' lang='lat'><strong>12</strong></span> 
     </span>
    </p>
   </div>
   <div class='ocr_carea' id='block_1_12' title="bbox 86 3739 1211 4442">
    <p class='ocr_par' dir='ltr' id='par_1_15' title="bbox 86 3739 1211 4442">
     <span class='ocr_line' id='line_1_31' title="bbox 135 3739 1143 3840; baseline -0.001 -17"><span class='ocrx_word' id='word_1_234' title='bbox 135 3739 503 3839; x_wconf 58' lang='lat' dir='ltr'><strong>lquiuquagiaimaebicf)</strong></span> <span class='ocrx_word' id='word_1_235' title='bbox 520 3771 551 3822; x_wconf 85' lang='grc' dir='ltr'>Π</span> <span class='ocrx_word' id='word_1_236' title='bbox 577 3769 845 3840; x_wconf 74' lang='lat' dir='ltr'><strong>cumquagaaimeo.</strong></span> <span class='ocrx_word' id='word_1_237' title='bbox 933 3769 1096 3838; x_wconf 69' lang='lat' dir='ltr'><strong>squamam</strong></span> <span class='ocrx_word' id='word_1_238' title='bbox 1113 3769 1143 3822; x_wconf 91' lang='grc' dir='ltr'><strong>Π</strong></span> 
     </span>
     <span class='ocr_line' id='line_1_32' title="bbox 86 3854 1211 3925; baseline 0.002 -18"><span class='ocrx_word' id='word_1_239' title='bbox 86 3854 203 3925; x_wconf 77' lang='lat' dir='ltr'><strong>inopiam</strong></span> <span class='ocrx_word' id='word_1_240' title='bbox 227 3854 269 3907; x_wconf 86' lang='grc' dir='ltr'><strong>Πι</strong></span> <span class='ocrx_word' id='word_1_241' title='bbox 371 3855 426 3910; x_wconf 77' lang='lat' dir='ltr'><strong>ianr</strong></span> <span class='ocrx_word' id='word_1_242' title='bbox 452 3871 503 3912; x_wconf 74' lang='lat' dir='ltr'><strong>om.</strong></span> <span class='ocrx_word' id='word_1_243' title='bbox 530 3858 562 3910; x_wconf 90' lang='grc' dir='ltr'><em>Π</em></span> <span class='ocrx_word' id='word_1_244' title='bbox 670 3858 689 3912; x_wconf 82' lang='grc'><strong>3</strong></span> <span class='ocrx_word' id='word_1_245' title='bbox 714 3856 861 3912; x_wconf 81' lang='lat' dir='ltr'><strong>adstrictus</strong></span> <span class='ocrx_word' id='word_1_246' title='bbox 888 3859 913 3908; x_wconf 79' lang='lat' dir='ltr'><strong>&#39;I&#39;</strong></span> <span class='ocrx_word' id='word_1_247' title='bbox 1018 3857 1036 3910; x_wconf 85' lang='lat'>4</span> <span class='ocrx_word' id='word_1_248' title='bbox 1063 3855 1211 3924; x_wconf 81' lang='lat' dir='ltr'><strong>potandam</strong></span> 
     </span>
     <span class='ocr_line' id='line_1_33' title="bbox 86 3941 1142 4012; baseline 0.002 -20"><span class='ocrx_word' id='word_1_249' title='bbox 86 3941 123 3992; x_wconf 82' lang='grc' dir='ltr'><strong>Πι</strong></span> <span class='ocrx_word' id='word_1_250' title='bbox 222 3942 242 3995; x_wconf 79' lang='grc'>5</span> <span class='ocrx_word' id='word_1_251' title='bbox 258 3941 406 3996; x_wconf 87' lang='lat' dir='ltr'><strong>immodum</strong></span> <span class='ocrx_word' id='word_1_252' title='bbox 424 3942 450 3995; x_wconf 92' lang='grc'><strong>0</strong></span> <span class='ocrx_word' id='word_1_253' title='bbox 547 3944 565 3996; x_wconf 87' lang='lat'><strong>6</strong></span> <span class='ocrx_word' id='word_1_254' title='bbox 581 3945 656 4012; x_wconf 87' lang='lat' dir='ltr'><strong>copia</strong></span> <span class='ocrx_word' id='word_1_255' title='bbox 673 3943 753 3998; x_wconf 85' lang='lat' dir='ltr'><strong>lactis</strong></span> <span class='ocrx_word' id='word_1_256' title='bbox 770 3943 819 3997; x_wconf 86' lang='lat' dir='ltr'><strong>Hc</strong></span> <span class='ocrx_word' id='word_1_257' title='bbox 922 3942 939 3996; x_wconf 85' lang='lat'>9</span> <span class='ocrx_word' id='word_1_258' title='bbox 956 3946 1096 3998; x_wconf 85' lang='lat' dir='ltr'><strong>contractu</strong></span> <span class='ocrx_word' id='word_1_259' title='bbox 1113 3943 1142 3994; x_wconf 89' lang='grc' dir='ltr'><strong><em>Σ</em></strong></span> 
     </span>
     <span class='ocr_line' id='line_1_34' title="bbox 87 4026 1210 4098; baseline 0.002 -18"><span class='ocrx_word' id='word_1_260' title='bbox 87 4027 119 4080; x_wconf 90' lang='grc'><strong>10</strong></span> <span class='ocrx_word' id='word_1_261' title='bbox 139 4027 288 4082; x_wconf 76' lang='lat' dir='ltr'><strong>temtantes</strong></span> <span class='ocrx_word' id='word_1_262' title='bbox 312 4029 341 4080; x_wconf 94' lang='grc' dir='ltr'><strong><em>Σ</em></strong></span> <span class='ocrx_word' id='word_1_263' title='bbox 444 4029 475 4083; x_wconf 92' lang='grc'><strong>11</strong></span> <span class='ocrx_word' id='word_1_264' title='bbox 499 4029 638 4084; x_wconf 81' lang='lat' dir='ltr'><strong>ostendere</strong></span> <span class='ocrx_word' id='word_1_265' title='bbox 661 4031 687 4080; x_wconf 78' lang='lat' dir='ltr'><strong>‘f&#39;</strong></span> <span class='ocrx_word' id='word_1_266' title='bbox 785 4029 903 4098; x_wconf 76' lang='lat' dir='ltr'><strong>agebant</strong></span> <span class='ocrx_word' id='word_1_267' title='bbox 925 4028 957 4080; x_wconf 82' lang='lat'><strong>11</strong></span> <span class='ocrx_word' id='word_1_268' title='bbox 1060 4026 1210 4083; x_wconf 81' lang='lat' dir='ltr'><strong>habraham</strong></span> 
     </span>
     <span class='ocr_line' id='line_1_35' title="bbox 86 4113 1142 4184; baseline 0 -16"><span class='ocrx_word' id='word_1_269' title='bbox 86 4113 110 4162; x_wconf 70' lang='lat'><strong>1¹</strong></span> <span class='ocrx_word' id='word_1_270' title='bbox 215 4114 250 4169; x_wconf 79' lang='lat'><strong>14</strong></span> <span class='ocrx_word' id='word_1_271' title='bbox 274 4113 409 4168; x_wconf 81' lang='lat' dir='ltr'><strong>inclinans</strong></span> <span class='ocrx_word' id='word_1_272' title='bbox 436 4114 474 4184; x_wconf 80' lang='lat' dir='ltr'><strong>aa]</strong></span> <span class='ocrx_word' id='word_1_273' title='bbox 498 4114 644 4170; x_wconf 83' lang='lat' dir='ltr'><strong>inclinasse</strong></span> <span class='ocrx_word' id='word_1_274' title='bbox 670 4115 742 4168; x_wconf 82' lang='lat'>11¹0</span> <span class='ocrx_word' id='word_1_275' title='bbox 850 4115 885 4169; x_wconf 79' lang='lat' dir='ltr'><strong>rb</strong></span> <span class='ocrx_word' id='word_1_276' title='bbox 910 4129 1073 4183; x_wconf 80' lang='lat' dir='ltr'><strong>currumque</strong></span> <span class='ocrx_word' id='word_1_277' title='bbox 1098 4116 1142 4168; x_wconf 64' lang='grc' dir='ltr'><strong>φο</strong></span> 
     </span>
     <span class='ocr_line' id='line_1_36' title="bbox 87 4196 1209 4269; baseline 0.003 -18"><span class='ocrx_word' id='word_1_278' title='bbox 87 4196 118 4252; x_wconf 82' lang='grc'><strong>16</strong></span> <span class='ocrx_word' id='word_1_279' title='bbox 134 4213 258 4268; x_wconf 74' lang='lat' dir='ltr'><strong>gressum</strong></span> <span class='ocrx_word' id='word_1_280' title='bbox 274 4199 335 4252; x_wconf 87' lang='grc' dir='ltr'><strong>ΣΟ</strong></span> <span class='ocrx_word' id='word_1_281' title='bbox 428 4201 464 4254; x_wconf 88' lang='grc'><strong>18</strong></span> <span class='ocrx_word' id='word_1_282' title='bbox 478 4200 520 4256; x_wconf 90' lang='lat' dir='ltr'><strong>hii</strong></span> <span class='ocrx_word' id='word_1_283' title='bbox 537 4199 603 4253; x_wconf 62' lang='lat' dir='ltr'><strong>‘FO</strong></span> <span class='ocrx_word' id='word_1_284' title='bbox 694 4200 727 4254; x_wconf 81' lang='grc'><strong>19</strong></span> <span class='ocrx_word' id='word_1_285' title='bbox 743 4199 818 4269; x_wconf 89' lang='lat' dir='ltr'><strong>haec]</strong></span> <span class='ocrx_word' id='word_1_286' title='bbox 837 4215 868 4254; x_wconf 82' lang='lat' dir='ltr'><strong>ex</strong></span> <span class='ocrx_word' id='word_1_287' title='bbox 884 4200 913 4252; x_wconf 88' lang='grc' dir='ltr'><strong><em>Σ</em></strong></span> <span class='ocrx_word' id='word_1_288' title='bbox 999 4199 1209 4254; x_wconf 79' lang='lat' dir='ltr'><strong>miscricordiam</strong></span> 
     </span>
     <span class='ocr_line' id='line_1_37' title="bbox 86 4283 1207 4355; baseline 0.003 -20"><span class='ocrx_word' id='word_1_289' title='bbox 86 4283 123 4335; x_wconf 82' lang='lat'><strong>11¹</strong></span> <span class='ocrx_word' id='word_1_290' title='bbox 220 4285 253 4339; x_wconf 83' lang='lat'><strong>21</strong></span> <span class='ocrx_word' id='word_1_291' title='bbox 273 4286 336 4355; x_wconf 83' lang='lat' dir='ltr'><strong>uiri]</strong></span> <span class='ocrx_word' id='word_1_292' title='bbox 354 4289 387 4340; x_wconf 92' lang='lat' dir='ltr'><strong>nt</strong></span> <span class='ocrx_word' id='word_1_293' title='bbox 403 4289 430 4338; x_wconf 71' lang='lat' dir='ltr'><em>Y</em></span> <span class='ocrx_word' id='word_1_294' title='bbox 510 4285 683 4341; x_wconf 80' lang='lat' dir='ltr'><strong>admiramini</strong></span> <span class='ocrx_word' id='word_1_295' title='bbox 699 4285 780 4342; x_wconf 81' lang='lat' dir='ltr'><strong>Hoc</strong></span> <span class='ocrx_word' id='word_1_296' title='bbox 874 4285 909 4339; x_wconf 78' lang='lat'><strong>22</strong></span> <span class='ocrx_word' id='word_1_297' title='bbox 925 4285 955 4339; x_wconf 92' lang='lat' dir='ltr'><strong>iu</strong></span> <span class='ocrx_word' id='word_1_298' title='bbox 972 4299 1023 4339; x_wconf 79' lang='lat' dir='ltr'><strong>osa.</strong></span> <span class='ocrx_word' id='word_1_299' title='bbox 1040 4286 1066 4337; x_wconf 64' lang='grc' dir='ltr'><em>Υ</em></span> <span class='ocrx_word' id='word_1_300' title='bbox 1148 4285 1207 4353; x_wconf 87' lang='lat' dir='ltr'><strong>ant]</strong></span> 
     </span>
     <span class='ocr_line' id='line_1_38' title="bbox 86 4371 1083 4442; baseline 0.001 -19"><span class='ocrx_word' id='word_1_301' title='bbox 86 4371 117 4424; x_wconf 85' lang='lat' dir='ltr'><strong>ut</strong></span> <span class='ocrx_word' id='word_1_302' title='bbox 133 4371 159 4424; x_wconf 91' lang='grc'><em>0</em></span> <span class='ocrx_word' id='word_1_303' title='bbox 260 4371 296 4424; x_wconf 80' lang='lat'><strong>24</strong></span> <span class='ocrx_word' id='word_1_304' title='bbox 312 4388 344 4427; x_wconf 86' lang='lat' dir='ltr'><strong>ac</strong></span> <span class='ocrx_word' id='word_1_305' title='bbox 361 4371 539 4442; x_wconf 86' lang='lat' dir='ltr'><strong>mirabilibus]</strong></span> <span class='ocrx_word' id='word_1_306' title='bbox 558 4371 724 4428; x_wconf 89' lang='lat' dir='ltr'><strong>mirabilium</strong></span> <span class='ocrx_word' id='word_1_307' title='bbox 740 4375 767 4424; x_wconf 72' lang='lat' dir='ltr'><em>T</em></span> <span class='ocrx_word' id='word_1_308' title='bbox 866 4371 899 4426; x_wconf 73' lang='grc'><strong>21</strong></span> <span class='ocrx_word' id='word_1_309' title='bbox 917 4372 970 4428; x_wconf 84' lang='lat' dir='ltr'><strong>ianr</strong></span> <span class='ocrx_word' id='word_1_310' title='bbox 989 4387 1039 4428; x_wconf 79' lang='lat' dir='ltr'><strong>om.</strong></span> <span class='ocrx_word' id='word_1_311' title='bbox 1057 4373 1083 4424; x_wconf 75' lang='grc' dir='ltr'><em>Τ</em></span> 
     </span>
    </p>
   </div>
   <div class='ocr_carea' id='block_1_13' title="bbox 0 0 1510 5200">
    <p class='ocr_par' dir='ltr' id='par_1_16' title="bbox 0 0 1510 5200">
     <span class='ocr_line' id='line_1_39' title="bbox 0 0 1510 5200; baseline 0 3"><span class='ocrx_word' id='word_1_312' title='bbox 0 0 1510 5200; x_wconf 95' lang='lat' dir='ltr'><strong> </strong></span> 
     </span>
    </p>
   </div>
  </div>
 </body>
</html>
