3009 5200
302 447 367 514 232
686 446 858 500 -lotanuis
879 447 1038 502 Cassiani

304 656 378 704 narn
410 655 483 703 oum
515 654 597 703 unus
625 656 643 700 e
674 636 827 701 fratribus
860 636 975 702 nostris
1008 638 1042 702 in
1075 636 1137 703 hau
1168 637 1335 705 solitudine
1371 638 1454 703 iter

305 744 420 825 ageret,
457 740 682 821 aduesperante
715 741 779 804 iam
814 740 864 805 die
897 740 1023 805 antrum
1060 740 1216 822 quoddam
1252 740 1450 825 repperiens

304 844 425 909 ibidem
445 842 599 920 substitit,
622 845 830 926 uespertinam
860 843 968 908 nolens
989 843 1023 908 in
1046 860 1082 908 eo
1104 844 1233 925 synaxin
1257 845 1448 910 celebrare:

303 947 358 1011 ubi
386 948 461 1011 dum
489 946 628 1027 psalmos
655 965 692 1011 ex
719 964 805 1011 more
840 948 995 1029 detentat,
1029 948 1155 1029 tempus
1184 947 1303 1012 mediae
1329 946 1448 1012 noetis

273 1049 444 1114 iexoessit.
482 1067 615 1130 eumque
635 1048 726 1115 finita
747 1050 959 1115 sollemnitate
980 1050 1151 1115 refecturus
1173 1051 1293 1116 lassum
1316 1068 1446 1133 eorpus
1475 1068 1494 1111 s

303 1152 465 1234 paululum
487 1152 663 1236 resedisset,
687 1156 813 1234 repente
835 1153 938 1235 coepit
960 1156 1103 1218 eateruas
1126 1157 1311 1219 daemonnm
1333 1154 1445 1217 undi-

303 1273 362 1339 que
389 1254 612 1320 confluentium
640 1256 885 1321 innumerabiles
914 1257 1040 1337 intueri,
1064 1275 1142 1338 quae
1164 1257 1288 1321 infinita
1310 1256 1444 1321 eonsti-

301 1357 427 1441 patione
456 1360 549 1441 atque
579 1358 686 1423 ordine
714 1358 898 1443 longissimo
928 1360 1129 1442 procedentes
1156 1361 1237 1425 aliae
1264 1360 1444 1443 praeibant

302 1460 474 1544 prinoipem
496 1480 597 1538 sanun,
620 1462 701 1527 aliae
722 1462 942 1544 sequebantur.
980 1462 1034 1545 qui
1062 1463 1189 1528 tandem
1212 1463 1381 1545 aliqnando
1399 1469 1442 1527 et

301 1564 516 1646 magnitudine
543 1566 698 1649 prooerior
726 1568 847 1631 onustis
877 1570 908 1631 et
936 1568 1064 1647 aspeotu
1093 1566 1263 1634 terribilior
1285 1567 1437 1646 aduenit,
1455 1590 1487 1628 ιο

303 1668 461 1751 seposito
482 1668 558 1733 solio
581 1686 652 1734 enm
673 1670 708 1734 in
729 1668 880 1734 tribunali
912 1673 1044 1751 quodam
1073 1669 1296 1735 sublimissimo
1319 1686 1439 1735 eonse-

303 1771 409 1851 disset,
453 1773 695 1854 uninseninsque
743 1774 830 1838 astus
876 1773 1023 1856 diligenti
1059 1772 1160 1855 eoepit
1197 1773 1439 1838 examinatione

305 1876 474 1941 disentere:
497 1875 627 1957 illosque
648 1877 701 1959 qni
724 1877 857 1941 neudum
881 1896 914 1942 se
936 1876 1161 1943 oiroumuenire
1194 1877 1332 1942 aemulos
1355 1892 1438 1940 snos

301 1978 440 2061 potuisse
470 1978 614 2045 dicebant
645 1981 735 2045 uelut
764 1983 881 2047 inertes
910 1982 1102 2063 ignauosqne
1128 1998 1147 2044 a
1175 1982 1337 2063 eonspeotn
1371 1994 1437 2043 sao

302 2102 373 2147 eum
395 2087 470 2148 ιιοιι
491 2087 522 2147 et
544 2084 660 2148 iniuria
686 2084 817 2150 iubebat
846 2085 969 2167 expelli,
998 2084 1100 2167 spatie
1122 2084 1270 2165 temporis
1293 2082 1373 2147 tanti
1397 2083 1437 2146 et
1450 2107 1482 2147 ιι

303 2200 381 2269 opus
401 2186 538 2251 inaniter
559 2187 724 2268 inpensum
746 2206 818 2252 oum
841 2188 971 2254 fremitu
993 2188 1106 2255 furoris
1128 2188 1322 2270 exprobrans,
1354 2185 1434 2250 illos

301 2306 376 2354 nero
398 2289 451 2371 qui
473 2309 505 2353 se
526 2291 714 2355 nuntiabant
743 2292 937 2375 consignatos
966 2292 1096 2357 sibimet
1119 2290 1273 2372 decepisse
1295 2288 1434 2353 summis

303 2390 450 2457 laudibus
471 2410 544 2458 oum
565 2395 757 2459 exultatione
780 2412 815 2460 ao
837 2396 942 2460 fauore
971 2400 1153 2461 onustorum
1180 2400 1217 2459 ut
1238 2392 1432 2459 fortissimos

302 2494 467 2561 bellatores
490 2498 528 2562 ad
551 2500 727 2581 exemplum
749 2502 933 2563 onustorum
949 2500 1189 2583 gloriosissimos
1204 2514 1306 2563 eoram
1322 2493 1431 2559 omni-

271 2598 360 2668 eous
382 2600 555 2665 emittebat.
592 2602 777 2684 inquorum
807 2621 935 2667 numero
963 2622 1036 2669 oum
1066 2603 1194 2686 quidam
1217 2598 1476 2682 nequissimusse

302 2704 439 2786 spiritns,
463 2706 573 2787 utpote
595 2706 750 2787 quendam
767 2707 963 2790 triumphum
978 2708 1238 2774 sublimissimum
1254 2704 1428 2783 delaturus,

301 2804 410 2870 laetior
432 2805 617 2884 aduenisset,
640 2825 753 2872 nomen
784 2809 930 2873 monaehi
959 2811 1077 2889 optime
1099 2809 1215 2890 segniti
1238 2804 1428 2888 designauit,

301 2910 446 2973 adserens
467 2911 539 2992 post
560 2911 738 2991 quindecim
762 2929 858 2976 annes
889 2911 1001 2994 quibus
1024 2930 1095 2976 eum
1118 2910 1233 2993 ingiter
1255 2909 1429 2974 obsedisset

303 3011 428 3076 tandem
457 3011 622 3095 aliqnando
651 3033 685 3078 se
714 3015 939 3097 praeualuisse,
967 3019 1003 3080 ut
1026 3034 1098 3079 eum
1121 3017 1226 3080 eadem
1250 3015 1316 3095 ipsa
1338 3015 1429 3076 noete

302 3113 392 3180 ruina
420 3114 632 3182 fornicationis
661 3117 808 3184 elideret:
843 3137 915 3182 nam
945 3135 1016 3184 oum
1046 3117 1180 3200 quadam
1209 3134 1296 3182 saera
1323 3113 1470 3198 puellaas

303 3235 366 3282 non
394 3219 494 3283 solum
521 3218 673 3301 inpulisse
703 3225 739 3285 nt
767 3223 869 3303 stupri
898 3221 1014 3286 orimeu
1043 3220 1224 3297 inourroret‚
1256 3217 1427 3284 sedetiam

302 3321 492 3402 persuasisse
524 3325 560 3386 ut
593 3342 662 3386 eam
695 3323 823 3388 sibimet
853 3323 921 3388 iure
950 3324 1085 3404 coniugii
1118 3325 1298 3387 retentaret.
1336 3337 1428 3401 super

302 3422 390 3488 onius
412 3424 561 3490 relatione
584 3443 655 3490 oum
678 3426 805 3491 inmane
829 3427 1013 3492 onustorum
1035 3427 1184 3508 gaudium
1208 3424 1319 3490 fuisset
1342 3439 1427 3486 exor-

353 3696 616 3765 2aduesperanti0
640 3696 875 3766 adnesperasoente
894 3696 945 3752 Xo
1038 3697 1054 3750 3
1078 3695 1206 3751 substetit
1227 3696 1275 3751 W¹
1305 3693 1428 3748 subsistit

304 3781 328 3836 0
412 3782 516 3835 sinaxin
538 3784 603 3839 WP
630 3783 776 3839 sinaxsiO
870 3782 1087 3852 beorpusonlum
1104 3783 1164 3836 DP
1257 3779 1428 3836 tresidisset

302 3867 359 3923 DO
452 3869 572 3937 8adque
587 3870 639 3923 VP
721 3869 880 3938 praebibant
897 3869 933 3924 W
1025 3869 1148 3922 {ttamen
1166 3868 1205 3923 W
1292 3868 1324 3920 11
1342 3865 1428 3919 oonsi-

302 3955 386 4009 disset
401 3957 450 4012 W¹
537 3957 570 4009 12
581 3959 727 4010 unnsonins
738 3957 780 4010 D¹
867 3951 1076 4012 13aemolosW
1161 3955 1193 4008 14
1205 3956 1308 4007 suentes
1324 3951 1359 4008 W

304 4039 337 4096 16
354 4058 494 4111 expensum
517 4042 618 4098 OPXo
715 4043 746 4097 ll
765 4042 938 4110 consignatus
959 4041 995 4096 V¹
1090 4041 1124 4094 18
1141 4038 1288 4094 ferboreO
1373 4035 1427 4090 ior·

302 4130 424 4188 tissimus
440 4127 475 4183 V¹
562 4130 595 4183 19
607 4132 763 4184 onnotnrum
780 4129 805 4181 V
890 4128 1102 4198 gloriosissemos
1113 4126 1154 4181 1)ι
1239 4123 1273 4178 22
1291 4123 1426 4177 aduenisse

308 4215 355 4268 W¹
444 4216 541 4285 optimi
564 4217 589 4270 V
613 4215 714 4270 obtime
737 4215 787 4271 ΟΡ
877 4216 910 4268 23
929 4214 1076 4282 quindicim
1099 4212 1134 4267 V¹
1224 4209 1369 4264 obsedisset
1384 4208 1427 4261 D‘

308 4301 400 4356 OPX:
432 4303 578 4356 obsidesset
599 4302 626 4356 V
651 4302 794 4356 obsidisset
809 4301 893 4356 D¹W
976 4301 1009 4354 25
1022 4295 1248 4353 fornitationisV
1335 4295 1368 4348 26
1383 4294 1426 4346 in-

303 4387 416 4456 pulisset
429 4388 455 4442 V
520 4391 553 4442 27
566 4389 674 4441 sibimet
688 4387 756 4442 VX:
775 4387 826 4441 eibi
839 4387 955 4444 DWPo
975 4385 1024 4440 snb
1041 4385 1064 4441 0
1146 4382 1180 4437 28
1193 4382 1309 4436 elatione
1320 4379 1359 4433 Ι)ι
