<?xml version="1.0" encoding="UTF-8"?>
<!DOCTYPE html PUBLIC "-//W3C//DTD XHTML 1.0 Transitional//EN"
    "http://www.w3.org/TR/xhtml1/DTD/xhtml1-transitional.dtd">
<html xmlns="http://www.w3.org/1999/xhtml" xml:lang="en" lang="en">
 <head>
  <title>
</title>
<meta http-equiv="Content-Type" content="text/html;charset=utf-8" />
  <meta name='ocr-system' content='tesseract 3.04.00' />
  <meta name='ocr-capabilities' content='ocr_page ocr_carea ocr_par ocr_line ocrx_word'/>
</head>
<body>
  <div class='ocr_page' id='page_1' title='image "./corpusscriptoru14wiengoog_0667.png"; bbox 0 0 3009 5200; ppageno 0'>
   <div class='ocr_carea' id='block_1_1' title="bbox 441 474 1219 545">
    <p class='ocr_par' dir='ltr' id='par_1_1' title="bbox 441 474 1219 545">
     <span class='ocr_line' id='line_1_1' title="bbox 441 474 1219 545; baseline -0.015 -10"><span class='ocrx_word' id='word_1_1' title='bbox 441 478 605 535; x_wconf 77' lang='lat' dir='ltr'>conlatio</span> <span class='ocrx_word' id='word_1_2' title='bbox 626 474 746 543; x_wconf 79' lang='lat' dir='ltr'>XVIIII,</span> <span class='ocrx_word' id='word_1_3' title='bbox 767 478 878 533; x_wconf 77' lang='lat' dir='ltr'>lto-14.</span> <span class='ocrx_word' id='word_1_4' title='bbox 1157 476 1219 545; x_wconf 66' lang='grc' dir='ltr'>ω</span> 
     </span>
    </p>
   </div>
   <div class='ocr_carea' id='block_1_2' title="bbox 96 663 1275 871">
    <p class='ocr_par' dir='ltr' id='par_1_2' title="bbox 96 663 1275 871">
     <span class='ocr_line' id='line_1_2' title="bbox 97 663 1222 758; baseline -0.006 -16"><span class='ocrx_word' id='word_1_5' title='bbox 97 674 223 753; x_wconf 84' lang='lat' dir='ltr'>bourdet,</span> <span class='ocrx_word' id='word_1_6' title='bbox 245 672 380 758; x_wconf 92' lang='lat' dir='ltr'>quisque</span> <span class='ocrx_word' id='word_1_7' title='bbox 402 670 573 756; x_wconf 85' lang='lat' dir='ltr'>puritatem</span> <span class='ocrx_word' id='word_1_8' title='bbox 594 686 683 735; x_wconf 90' lang='lat' dir='ltr'>suam</span> <span class='ocrx_word' id='word_1_9' title='bbox 700 684 762 735; x_wconf 93' lang='lat' dir='ltr'>non</span> <span class='ocrx_word' id='word_1_10' title='bbox 777 663 958 734; x_wconf 89' lang='lat' dir='ltr'>bominibus</span> <span class='ocrx_word' id='word_1_11' title='bbox 979 671 1146 755; x_wconf 62' lang='lat' dir='ltr'>mantare,</span> <span class='ocrx_word' id='word_1_12' title='bbox 1168 669 1222 735; x_wconf 88' lang='lat' dir='ltr'>ssd</span> 
     </span>
     <span class='ocr_line' id='line_1_3' title="bbox 96 769 1275 871; baseline -0.006 -25"><span class='ocrx_word' id='word_1_13' title='bbox 96 779 184 846; x_wconf 86' lang='lat' dir='ltr'>illius</span> <span class='ocrx_word' id='word_1_14' title='bbox 213 774 392 859; x_wconf 88' lang='lat' dir='ltr'>conspectui</span> <span class='ocrx_word' id='word_1_15' title='bbox 421 772 606 840; x_wconf 84' lang='lat' dir='ltr'>inuiolatam</span> <span class='ocrx_word' id='word_1_16' title='bbox 632 770 793 837; x_wconf 87' lang='lat' dir='ltr'>studuerit</span> <span class='ocrx_word' id='word_1_17' title='bbox 813 769 974 853; x_wconf 79' lang='lat' dir='ltr'>exhibere,</span> <span class='ocrx_word' id='word_1_18' title='bbox 1005 790 1097 855; x_wconf 89' lang='lat' dir='ltr'>quam</span> <span class='ocrx_word' id='word_1_19' title='bbox 1124 772 1222 839; x_wconf 84' lang='lat' dir='ltr'>latere</span> <span class='ocrx_word' id='word_1_20' title='bbox 1270 862 1275 871; x_wconf 20' lang='grc' dir='ltr'>ἱ</span> 
     </span>
    </p>
   </div>
   <div class='ocr_carea' id='block_1_3' title="bbox 97 876 710 960">
    <p class='ocr_par' dir='ltr' id='par_1_3' title="bbox 97 876 710 960">
     <span class='ocr_line' id='line_1_4' title="bbox 97 876 710 960; baseline -0.015 -11"><span class='ocrx_word' id='word_1_21' title='bbox 97 882 204 949; x_wconf 81' lang='lat' dir='ltr'>omnia</span> <span class='ocrx_word' id='word_1_22' title='bbox 226 880 328 947; x_wconf 88' lang='lat' dir='ltr'>cordis</span> <span class='ocrx_word' id='word_1_23' title='bbox 351 894 464 944; x_wconf 88' lang='lat' dir='ltr'>arcana</span> <span class='ocrx_word' id='word_1_24' title='bbox 486 892 547 944; x_wconf 88' lang='lat' dir='ltr'>non</span> <span class='ocrx_word' id='word_1_25' title='bbox 569 876 710 960; x_wconf 80' lang='lat' dir='ltr'><strong>possunt.</strong></span> 
     </span>
    </p>
   </div>
   <div class='ocr_carea' id='block_1_4' title="bbox 66 994 1304 3032">
    <p class='ocr_par' dir='ltr' id='par_1_4' title="bbox 66 994 1304 3032">
     <span class='ocr_line' id='line_1_5' title="bbox 139 994 1224 1082; baseline -0.006 -13"><span class='ocrx_word' id='word_1_26' title='bbox 139 1002 230 1069; x_wconf 89' lang='lat' dir='ltr'>XIII.</span> <span class='ocrx_word' id='word_1_27' title='bbox 265 1014 469 1066; x_wconf 77' lang='lat' dir='ltr'>emanas:</span> <span class='ocrx_word' id='word_1_28' title='bbox 500 997 698 1082; x_wconf 70' lang='lat' dir='ltr'>Argumenta</span> <span class='ocrx_word' id='word_1_29' title='bbox 726 994 840 1079; x_wconf 90' lang='lat' dir='ltr'>quibus</span> <span class='ocrx_word' id='word_1_30' title='bbox 863 994 1085 1063; x_wconf 80' lang='lat' dir='ltr'>infirmitatum</span> <span class='ocrx_word' id='word_1_31' title='bbox 1105 996 1224 1066; x_wconf 90' lang='lat' dir='ltr'>indicia</span> 
     </span>
     <span class='ocr_line' id='line_1_6' title="bbox 77 1098 1224 1191; baseline -0.003 -21"><span class='ocrx_word' id='word_1_32' title='bbox 77 1104 289 1191; x_wconf 84' lang='lat' dir='ltr'>acolligantnr</span> <span class='ocrx_word' id='word_1_33' title='bbox 311 1106 343 1169; x_wconf 88' lang='lat' dir='ltr'>et</span> <span class='ocrx_word' id='word_1_34' title='bbox 366 1102 519 1168; x_wconf 90' lang='lat' dir='ltr'>rationem</span> <span class='ocrx_word' id='word_1_35' title='bbox 549 1098 825 1165; x_wconf 89' lang='lat' dir='ltr'>discernendarum</span> <span class='ocrx_word' id='word_1_36' title='bbox 853 1102 1096 1186; x_wconf 70' lang='lat' dir='ltr'>aegritudinum,</span> <span class='ocrx_word' id='word_1_37' title='bbox 1120 1100 1224 1167; x_wconf 90' lang='lat' dir='ltr'>idest</span> 
     </span>
     <span class='ocr_line' id='line_1_7' title="bbox 99 1200 1223 1293; baseline -0.002 -18"><span class='ocrx_word' id='word_1_38' title='bbox 99 1226 160 1293; x_wconf 90' lang='lat' dir='ltr'>quc</span> <span class='ocrx_word' id='word_1_39' title='bbox 189 1208 278 1291; x_wconf 92' lang='lat' dir='ltr'>pacto</span> <span class='ocrx_word' id='word_1_40' title='bbox 307 1204 388 1272; x_wconf 89' lang='lat' dir='ltr'>uitia</span> <span class='ocrx_word' id='word_1_41' title='bbox 417 1222 496 1287; x_wconf 90' lang='lat' dir='ltr'>quae</span> <span class='ocrx_word' id='word_1_42' title='bbox 525 1202 665 1269; x_wconf 90' lang='lat' dir='ltr'>celantur</span> <span class='ocrx_word' id='word_1_43' title='bbox 693 1203 726 1269; x_wconf 92' lang='lat' dir='ltr'>in</span> <span class='ocrx_word' id='word_1_44' title='bbox 755 1200 846 1269; x_wconf 90' lang='lat' dir='ltr'>uobis</span> <span class='ocrx_word' id='word_1_45' title='bbox 875 1204 1002 1269; x_wconf 74' lang='lat' dir='ltr'>ualmut</span> <span class='ocrx_word' id='word_1_46' title='bbox 1024 1206 1223 1289; x_wconf 79' lang='lat' dir='ltr'>deprehendi,</span> 
     </span>
     <span class='ocr_line' id='line_1_8' title="bbox 100 1305 1225 1392; baseline -0.002 -13"><span class='ocrx_word' id='word_1_47' title='bbox 100 1312 234 1379; x_wconf 81' lang='lat' dir='ltr'>dilucide</span> <span class='ocrx_word' id='word_1_48' title='bbox 255 1308 334 1376; x_wconf 83' lang='lat' dir='ltr'>satis</span> <span class='ocrx_word' id='word_1_49' title='bbox 356 1310 521 1392; x_wconf 88' lang='lat' dir='ltr'>aperteque</span> <span class='ocrx_word' id='word_1_50' title='bbox 542 1309 753 1391; x_wconf 81' lang='lat' dir='ltr'>percepimus:</span> <span class='ocrx_word' id='word_1_51' title='bbox 777 1305 884 1372; x_wconf 90' lang='lat' dir='ltr'>omnia</span> <span class='ocrx_word' id='word_1_52' title='bbox 896 1307 1051 1391; x_wconf 91' lang='lat' dir='ltr'>siquidem</span> <span class='ocrx_word' id='word_1_53' title='bbox 1067 1308 1225 1377; x_wconf 81' lang='lat' dir='ltr'>cotidiene</span> 
     </span>
     <span class='ocr_line' id='line_1_9' title="bbox 98 1408 1223 1499; baseline 0.001 -19"><span class='ocrx_word' id='word_1_54' title='bbox 98 1412 291 1499; x_wconf 76' lang='lat' dir='ltr'>experientia</span> <span class='ocrx_word' id='word_1_55' title='bbox 313 1430 348 1479; x_wconf 91' lang='lat' dir='ltr'>ac</span> <span class='ocrx_word' id='word_1_56' title='bbox 371 1410 492 1477; x_wconf 90' lang='lat' dir='ltr'>diurnis</span> <span class='ocrx_word' id='word_1_57' title='bbox 515 1408 741 1494; x_wconf 89' lang='lat' dir='ltr'>cogitationum</span> <span class='ocrx_word' id='word_1_58' title='bbox 766 1414 946 1476; x_wconf 87' lang='lat' dir='ltr'>nostrarum</span> <span class='ocrx_word' id='word_1_59' title='bbox 968 1413 1105 1481; x_wconf 90' lang='lat' dir='ltr'>motibus</span> <span class='ocrx_word' id='word_1_60' title='bbox 1126 1414 1172 1479; x_wconf 88' lang='lat' dir='ltr'>ita</span> <span class='ocrx_word' id='word_1_61' title='bbox 1188 1418 1223 1481; x_wconf 91' lang='lat' dir='ltr'>ut</span> 
     </span>
     <span class='ocr_line' id='line_1_10' title="bbox 99 1512 1224 1602; baseline -0.001 -17"><span class='ocrx_word' id='word_1_62' title='bbox 99 1520 183 1585; x_wconf 86' lang='lat' dir='ltr'>dicta</span> <span class='ocrx_word' id='word_1_63' title='bbox 212 1517 287 1582; x_wconf 89' lang='lat' dir='ltr'>suut</span> <span class='ocrx_word' id='word_1_64' title='bbox 308 1516 475 1581; x_wconf 86' lang='lat' dir='ltr'>intuemur.</span> <span class='ocrx_word' id='word_1_65' title='bbox 512 1514 652 1596; x_wconf 89' lang='lat' dir='ltr'>superest</span> <span class='ocrx_word' id='word_1_66' title='bbox 673 1512 782 1598; x_wconf 86' lang='lat' dir='ltr'>igitur,</span> <span class='ocrx_word' id='word_1_67' title='bbox 812 1517 848 1579; x_wconf 91' lang='grc' dir='ltr'>ιιι</span> <span class='ocrx_word' id='word_1_68' title='bbox 870 1514 1132 1597; x_wconf 78' lang='lat' dir='ltr'>quemadmodum</span> <span class='ocrx_word' id='word_1_69' title='bbox 1153 1522 1224 1602; x_wconf 64' lang='lat' dir='ltr'>pross</span> 
     </span>
     <span class='ocr_line' id='line_1_11' title="bbox 67 1616 1224 1701; baseline -0.001 -13"><span class='ocrx_word' id='word_1_70' title='bbox 67 1622 239 1688; x_wconf 87' lang='lat' dir='ltr'>robationes</span> <span class='ocrx_word' id='word_1_71' title='bbox 276 1636 445 1701; x_wconf 72' lang='lat' dir='ltr'>musaeque</span> <span class='ocrx_word' id='word_1_72' title='bbox 488 1616 669 1683; x_wconf 84' lang='lat' dir='ltr'>morborum</span> <span class='ocrx_word' id='word_1_73' title='bbox 712 1616 948 1685; x_wconf 88' lang='lat' dir='ltr'>euidentissima</span> <span class='ocrx_word' id='word_1_74' title='bbox 982 1620 1069 1686; x_wconf 91' lang='lat' dir='ltr'>nobis</span> <span class='ocrx_word' id='word_1_75' title='bbox 1104 1622 1224 1688; x_wconf 91' lang='lat' dir='ltr'>ratione</span> 
     </span>
     <span class='ocr_line' id='line_1_12' title="bbox 99 1719 1223 1811; baseline 0.001 -20"><span class='ocrx_word' id='word_1_76' title='bbox 99 1726 275 1811; x_wconf 84' lang='lat' dir='ltr'>patefactae</span> <span class='ocrx_word' id='word_1_77' title='bbox 307 1725 389 1801; x_wconf 87' lang='lat' dir='ltr'>suut,</span> <span class='ocrx_word' id='word_1_78' title='bbox 421 1720 468 1787; x_wconf 88' lang='lat' dir='ltr'>ita</span> <span class='ocrx_word' id='word_1_79' title='bbox 502 1719 599 1785; x_wconf 87' lang='lat' dir='ltr'>etiam</span> <span class='ocrx_word' id='word_1_80' title='bbox 632 1722 829 1787; x_wconf 89' lang='lat' dir='ltr'>curationum</span> <span class='ocrx_word' id='word_1_81' title='bbox 857 1721 991 1789; x_wconf 88' lang='lat' dir='ltr'>medella</span> <span class='ocrx_word' id='word_1_82' title='bbox 1020 1729 1223 1792; x_wconf 87' lang='lat' dir='ltr'>monstretur.</span> 
     </span>
     <span class='ocr_line' id='line_1_13' title="bbox 99 1824 1225 1910; baseline 0.002 -16"><span class='ocrx_word' id='word_1_83' title='bbox 99 1828 181 1895; x_wconf 92' lang='lat' dir='ltr'>nulli</span> <span class='ocrx_word' id='word_1_84' title='bbox 210 1844 343 1910; x_wconf 90' lang='lat' dir='ltr'>namque</span> <span class='ocrx_word' id='word_1_85' title='bbox 373 1826 502 1891; x_wconf 91' lang='lat' dir='ltr'>dubium</span> <span class='ocrx_word' id='word_1_86' title='bbox 532 1826 579 1889; x_wconf 86' lang='lat' dir='ltr'>est</span> <span class='ocrx_word' id='word_1_87' title='bbox 609 1824 700 1890; x_wconf 92' lang='lat' dir='ltr'>illum</span> <span class='ocrx_word' id='word_1_88' title='bbox 722 1842 811 1908; x_wconf 89' lang='lat' dir='ltr'>posse</span> <span class='ocrx_word' id='word_1_89' title='bbox 833 1824 1007 1892; x_wconf 89' lang='lat' dir='ltr'>rectissime</span> <span class='ocrx_word' id='word_1_90' title='bbox 1030 1828 1068 1894; x_wconf 90' lang='lat' dir='ltr'>de</span> <span class='ocrx_word' id='word_1_91' title='bbox 1089 1828 1225 1896; x_wconf 91' lang='lat' dir='ltr'>remedio</span> 
     </span>
     <span class='ocr_line' id='line_1_14' title="bbox 99 1926 1226 2017; baseline 0.002 -20"><span class='ocrx_word' id='word_1_92' title='bbox 99 1932 254 1997; x_wconf 84' lang='lat' dir='ltr'>malarum</span> <span class='ocrx_word' id='word_1_93' title='bbox 276 1928 489 1995; x_wconf 88' lang='lat' dir='ltr'>ualitudinum</span> <span class='ocrx_word' id='word_1_94' title='bbox 511 1926 683 2011; x_wconf 88' lang='lat' dir='ltr'>disputare,</span> <span class='ocrx_word' id='word_1_95' title='bbox 706 1930 759 2009; x_wconf 89' lang='lat' dir='ltr'>qui</span> <span class='ocrx_word' id='word_1_96' title='bbox 782 1944 890 1994; x_wconf 90' lang='lat' dir='ltr'>earnm</span> <span class='ocrx_word' id='word_1_97' title='bbox 906 1930 992 2015; x_wconf 89' lang='lat' dir='ltr'>prius</span> <span class='ocrx_word' id='word_1_98' title='bbox 1009 1950 1117 1997; x_wconf 89' lang='lat' dir='ltr'>causas</span> <span class='ocrx_word' id='word_1_99' title='bbox 1132 1937 1226 2017; x_wconf 90' lang='lat' dir='ltr'>atque</span> 
     </span>
     <span class='ocr_line' id='line_1_15' title="bbox 100 2028 1226 2121; baseline -0.001 -19"><span class='ocrx_word' id='word_1_100' title='bbox 100 2034 233 2121; x_wconf 86' lang='lat' dir='ltr'>origines</span> <span class='ocrx_word' id='word_1_101' title='bbox 270 2030 456 2099; x_wconf 87' lang='lat' dir='ltr'>couscientia</span> <span class='ocrx_word' id='word_1_102' title='bbox 495 2028 722 2116; x_wconf 79' lang='lat' dir='ltr'>aegrotantium</span> <span class='ocrx_word' id='word_1_103' title='bbox 767 2032 943 2097; x_wconf 86' lang='lat' dir='ltr'>adtestante</span> <span class='ocrx_word' id='word_1_104' title='bbox 979 2032 1226 2118; x_wconf 88' lang='lat' dir='ltr'>deprehenderit.</span> 
     </span>
     <span class='ocr_line' id='line_1_16' title="bbox 66 2132 1304 2222; baseline -0.002 -21"><span class='ocrx_word' id='word_1_105' title='bbox 66 2162 92 2201; x_wconf 83' lang='grc' dir='ltr'>ιι</span> <span class='ocrx_word' id='word_1_106' title='bbox 100 2138 205 2222; x_wconf 87' lang='lat' dir='ltr'>itaque</span> <span class='ocrx_word' id='word_1_107' title='bbox 240 2134 314 2203; x_wconf 90' lang='lat' dir='ltr'>licet</span> <span class='ocrx_word' id='word_1_108' title='bbox 343 2132 484 2200; x_wconf 85' lang='lat' dir='ltr'>doctrina</span> <span class='ocrx_word' id='word_1_109' title='bbox 517 2132 721 2200; x_wconf 85' lang='lat' dir='ltr'>beatitudiuis</span> <span class='ocrx_word' id='word_1_110' title='bbox 752 2136 824 2200; x_wconf 89' lang='lat' dir='ltr'>tuae</span> <span class='ocrx_word' id='word_1_111' title='bbox 851 2136 1018 2202; x_wconf 90' lang='lat' dir='ltr'>uulnerum</span> <span class='ocrx_word' id='word_1_112' title='bbox 1047 2142 1257 2213; x_wconf 80' lang='lat' dir='ltr'>nostroram2</span> <span class='ocrx_word' id='word_1_113' title='bbox 1296 2188 1304 2198; x_wconf 82' lang='lat'><strong>.</strong></span> 
     </span>
     <span class='ocr_line' id='line_1_17' title="bbox 101 2233 1226 2321; baseline 0.001 -13"><span class='ocrx_word' id='word_1_114' title='bbox 101 2258 212 2309; x_wconf 88' lang='lat' dir='ltr'>arcana</span> <span class='ocrx_word' id='word_1_115' title='bbox 247 2236 421 2321; x_wconf 83' lang='lat' dir='ltr'>nudauerit,</span> <span class='ocrx_word' id='word_1_116' title='bbox 458 2255 519 2320; x_wconf 89' lang='lat' dir='ltr'>qno</span> <span class='ocrx_word' id='word_1_117' title='bbox 550 2236 586 2302; x_wconf 88' lang='lat' dir='ltr'>fit</span> <span class='ocrx_word' id='word_1_118' title='bbox 624 2240 660 2301; x_wconf 94' lang='lat' dir='ltr'>ut</span> <span class='ocrx_word' id='word_1_119' title='bbox 697 2253 821 2320; x_wconf 89' lang='lat' dir='ltr'>sperare</span> <span class='ocrx_word' id='word_1_120' title='bbox 854 2234 972 2321; x_wconf 89' lang='lat' dir='ltr'>aliquid</span> <span class='ocrx_word' id='word_1_121' title='bbox 1008 2243 1046 2305; x_wconf 92' lang='lat' dir='ltr'>de</span> <span class='ocrx_word' id='word_1_122' title='bbox 1081 2233 1226 2309; x_wconf 88' lang='lat' dir='ltr'>remediis&#39;</span> 
     </span>
     <span class='ocr_line' id='line_1_18' title="bbox 100 2340 1226 2429; baseline 0.002 -18"><span class='ocrx_word' id='word_1_123' title='bbox 100 2344 275 2422; x_wconf 89' lang='lat' dir='ltr'>audeamus,</span> <span class='ocrx_word' id='word_1_124' title='bbox 305 2342 378 2427; x_wconf 91' lang='lat' dir='ltr'>quia</span> <span class='ocrx_word' id='word_1_125' title='bbox 406 2342 471 2407; x_wconf 84' lang='grc' dir='ltr'>ιιιιιι</span> <span class='ocrx_word' id='word_1_126' title='bbox 501 2340 629 2406; x_wconf 90' lang='lat' dir='ltr'>euidens</span> <span class='ocrx_word' id='word_1_127' title='bbox 660 2340 828 2407; x_wconf 84' lang='lat' dir='ltr'>declaratio</span> <span class='ocrx_word' id='word_1_128' title='bbox 856 2340 959 2409; x_wconf 92' lang='lat' dir='ltr'>morbi</span> <span class='ocrx_word' id='word_1_129' title='bbox 987 2362 1074 2429; x_wconf 89' lang='lat' dir='ltr'>spem</span> <span class='ocrx_word' id='word_1_130' title='bbox 1096 2346 1226 2412; x_wconf 91' lang='lat' dir='ltr'>remedii</span> 
     </span>
     <span class='ocr_line' id='line_1_19' title="bbox 100 2443 1225 2533; baseline 0.002 -20"><span class='ocrx_word' id='word_1_131' title='bbox 100 2446 277 2533; x_wconf 87' lang='lat' dir='ltr'>pollicetur,</span> <span class='ocrx_word' id='word_1_132' title='bbox 307 2448 414 2511; x_wconf 90' lang='lat' dir='ltr'>tamen</span> <span class='ocrx_word' id='word_1_133' title='bbox 442 2444 516 2529; x_wconf 91' lang='lat' dir='ltr'>quia</span> <span class='ocrx_word' id='word_1_134' title='bbox 540 2443 689 2529; x_wconf 91' lang='lat' dir='ltr'>primum,</span> <span class='ocrx_word' id='word_1_135' title='bbox 720 2444 759 2508; x_wconf 94' lang='grc' dir='ltr'>ιιι</span> <span class='ocrx_word' id='word_1_136' title='bbox 785 2444 843 2523; x_wconf 90' lang='lat' dir='ltr'>ais,</span> <span class='ocrx_word' id='word_1_137' title='bbox 871 2446 904 2511; x_wconf 94' lang='lat' dir='ltr'>in</span> <span class='ocrx_word' id='word_1_138' title='bbox 931 2448 1225 2532; x_wconf 79' lang='lat' dir='ltr'>congregationibus</span> 
     </span>
     <span class='ocr_line' id='line_1_20' title="bbox 86 2546 1225 2638; baseline 0.002 -21"><span class='ocrx_word' id='word_1_139' title='bbox 86 2550 230 2618; x_wconf 85' lang='lat' dir='ltr'>initium</span> <span class='ocrx_word' id='word_1_140' title='bbox 250 2548 360 2616; x_wconf 86' lang='lat' dir='ltr'>salutis</span> <span class='ocrx_word' id='word_1_141' title='bbox 375 2546 551 2632; x_wconf 86' lang='lat' dir='ltr'>adquiritur</span> <span class='ocrx_word' id='word_1_142' title='bbox 566 2548 597 2613; x_wconf 88' lang='lat' dir='ltr'>et</span> <span class='ocrx_word' id='word_1_143' title='bbox 612 2546 681 2614; x_wconf 90' lang='lat' dir='ltr'>sani</span> <span class='ocrx_word' id='word_1_144' title='bbox 694 2546 729 2612; x_wconf 92' lang='lat' dir='ltr'>in</span> <span class='ocrx_word' id='word_1_145' title='bbox 745 2547 916 2614; x_wconf 86' lang='lat' dir='ltr'>solitudine</span> <span class='ocrx_word' id='word_1_146' title='bbox 938 2568 1003 2616; x_wconf 87' lang='lat' dir='ltr'>esse</span> <span class='ocrx_word' id='word_1_147' title='bbox 1017 2568 1080 2618; x_wconf 91' lang='lat' dir='ltr'>nou</span> <span class='ocrx_word' id='word_1_148' title='bbox 1093 2554 1225 2638; x_wconf 87' lang='lat' dir='ltr'>possunt</span> 
     </span>
     <span class='ocr_line' id='line_1_21' title="bbox 66 2649 1226 2740; baseline 0.002 -20"><span class='ocrx_word' id='word_1_149' title='bbox 66 2653 163 2720; x_wconf 84' lang='lat' dir='ltr'>renisi</span> <span class='ocrx_word' id='word_1_150' title='bbox 192 2669 269 2737; x_wconf 91' lang='lat' dir='ltr'>quos</span> <span class='ocrx_word' id='word_1_151' title='bbox 298 2651 385 2736; x_wconf 91' lang='lat' dir='ltr'>prius</span> <span class='ocrx_word' id='word_1_152' title='bbox 416 2649 633 2718; x_wconf 88' lang='lat' dir='ltr'>coenobiorum</span> <span class='ocrx_word' id='word_1_153' title='bbox 663 2649 819 2716; x_wconf 90' lang='lat' dir='ltr'>medicina</span> <span class='ocrx_word' id='word_1_154' title='bbox 852 2650 1019 2730; x_wconf 73' lang='lat' dir='ltr'>manarit,</span> <span class='ocrx_word' id='word_1_155' title='bbox 1052 2655 1226 2740; x_wconf 90' lang='lat' dir='ltr'>perniciosa</span> 
     </span>
     <span class='ocr_line' id='line_1_22' title="bbox 100 2753 1227 2843; baseline 0.001 -18"><span class='ocrx_word' id='word_1_156' title='bbox 100 2776 227 2826; x_wconf 88' lang='lat' dir='ltr'>rursum</span> <span class='ocrx_word' id='word_1_157' title='bbox 248 2755 461 2839; x_wconf 88' lang='lat' dir='ltr'>desperatione</span> <span class='ocrx_word' id='word_1_158' title='bbox 483 2753 684 2834; x_wconf 86' lang='lat' dir='ltr'>concidimus,</span> <span class='ocrx_word' id='word_1_159' title='bbox 713 2755 855 2821; x_wconf 82' lang='lat' dir='ltr'>ue&#39;forta</span> <span class='ocrx_word' id='word_1_160' title='bbox 879 2758 933 2840; x_wconf 92' lang='lat' dir='ltr'>qui</span> <span class='ocrx_word' id='word_1_161' title='bbox 961 2755 1128 2843; x_wconf 86' lang='lat' dir='ltr'>inperfecti</span> <span class='ocrx_word' id='word_1_162' title='bbox 1157 2779 1227 2826; x_wconf 90' lang='lat' dir='ltr'>cce·</span> 
     </span>
     <span class='ocr_line' id='line_1_23' title="bbox 101 2857 1228 2946; baseline 0.001 -18"><span class='ocrx_word' id='word_1_163' title='bbox 101 2861 230 2929; x_wconf 91' lang='lat' dir='ltr'>nobium</span> <span class='ocrx_word' id='word_1_164' title='bbox 258 2858 439 2943; x_wconf 84' lang='lat' dir='ltr'>reliquimus</span> <span class='ocrx_word' id='word_1_165' title='bbox 468 2876 663 2942; x_wconf 90' lang='lat' dir='ltr'>nequaquam</span> <span class='ocrx_word' id='word_1_166' title='bbox 692 2859 757 2924; x_wconf 88' lang='lat' dir='ltr'>iam</span> <span class='ocrx_word' id='word_1_167' title='bbox 785 2858 818 2924; x_wconf 88' lang='lat' dir='ltr'>in</span> <span class='ocrx_word' id='word_1_168' title='bbox 847 2857 971 2925; x_wconf 90' lang='lat' dir='ltr'>heremo</span> <span class='ocrx_word' id='word_1_169' title='bbox 1000 2861 1130 2946; x_wconf 87' lang='lat' dir='ltr'>perfecti</span> <span class='ocrx_word' id='word_1_170' title='bbox 1162 2872 1228 2929; x_wconf 81' lang='lat' dir='ltr'>asse¹</span> 
     </span>
     <span class='ocr_line' id='line_1_24' title="bbox 100 2967 269 3032; baseline -0.03 0"><span class='ocrx_word' id='word_1_171' title='bbox 100 2967 269 3032; x_wconf 63' lang='lat' dir='ltr'>uolumus.</span> 
     </span>
    </p>
   </div>
   <div class='ocr_carea' id='block_1_5' title="bbox 69 3083 1229 3578">
    <p class='ocr_par' dir='ltr' id='par_1_5' title="bbox 69 3083 1229 3578">
     <span class='ocr_line' id='line_1_25' title="bbox 145 3083 1228 3183; baseline 0.003 -31"><span class='ocrx_word' id='word_1_172' title='bbox 145 3085 253 3153; x_wconf 85' lang='lat' dir='ltr'>XIIII.</span> <span class='ocrx_word' id='word_1_173' title='bbox 274 3101 462 3151; x_wconf 75' lang='lat' dir='ltr'>mammas:</span> <span class='ocrx_word' id='word_1_174' title='bbox 486 3085 532 3151; x_wconf 89' lang='lat' dir='ltr'>De</span> <span class='ocrx_word' id='word_1_175' title='bbox 555 3083 735 3151; x_wconf 91' lang='lat' dir='ltr'>morborum</span> <span class='ocrx_word' id='word_1_176' title='bbox 757 3103 883 3151; x_wconf 90' lang='lat' dir='ltr'>suorum</span> <span class='ocrx_word' id='word_1_177' title='bbox 906 3085 1066 3183; x_wconf 79' lang='lat' dir='ltr'>curatione</span> <span class='ocrx_word' id='word_1_178' title='bbox 1079 3083 1228 3157; x_wconf 88' lang='lat' dir='ltr'>sollicitis</span> 
     </span>
     <span class='ocr_line' id='line_1_26' title="bbox 69 3187 1228 3276; baseline 0.007 -26"><span class='ocrx_word' id='word_1_179' title='bbox 69 3190 276 3257; x_wconf 79' lang='lat' dir='ltr'>reremedium</span> <span class='ocrx_word' id='word_1_180' title='bbox 298 3189 434 3255; x_wconf 87' lang='lat' dir='ltr'>salutare</span> <span class='ocrx_word' id='word_1_181' title='bbox 456 3187 562 3253; x_wconf 91' lang='lat' dir='ltr'>deesse</span> <span class='ocrx_word' id='word_1_182' title='bbox 578 3205 639 3252; x_wconf 90' lang='lat' dir='ltr'>nou</span> <span class='ocrx_word' id='word_1_183' title='bbox 662 3188 789 3271; x_wconf 82' lang='lat' dir='ltr'>poterit,</span> <span class='ocrx_word' id='word_1_184' title='bbox 812 3187 980 3256; x_wconf 86' lang='lat' dir='ltr'>etidcirco</span> <span class='ocrx_word' id='word_1_185' title='bbox 1002 3193 1110 3276; x_wconf 86' lang='lat' dir='ltr'>eodem</span> <span class='ocrx_word' id='word_1_186' title='bbox 1126 3189 1228 3272; x_wconf 89' lang='lat' dir='ltr'>modo,</span> 
     </span>
     <span class='ocr_line' id='line_1_27' title="bbox 104 3288 1229 3384; baseline 0.001 -25"><span class='ocrx_word' id='word_1_187' title='bbox 104 3313 164 3378; x_wconf 91' lang='lat' dir='ltr'>quo</span> <span class='ocrx_word' id='word_1_188' title='bbox 186 3291 429 3376; x_wconf 90' lang='lat' dir='ltr'>uniuscuiusque</span> <span class='ocrx_word' id='word_1_189' title='bbox 450 3289 523 3356; x_wconf 90' lang='lat' dir='ltr'>uitii</span> <span class='ocrx_word' id='word_1_190' title='bbox 545 3288 819 3384; x_wconf 84' lang='lat' dir='ltr'>deprehenduntur</span> <span class='ocrx_word' id='word_1_191' title='bbox 833 3291 960 3374; x_wconf 87' lang='lat' dir='ltr'>indicia,</span> <span class='ocrx_word' id='word_1_192' title='bbox 977 3296 1074 3362; x_wconf 89' lang='lat' dir='ltr'>etiam</span> <span class='ocrx_word' id='word_1_193' title='bbox 1088 3295 1229 3362; x_wconf 87' lang='lat' dir='ltr'>remedia</span> 
     </span>
     <span class='ocr_line' id='line_1_28' title="bbox 104 3385 1228 3479; baseline 0 -17"><span class='ocrx_word' id='word_1_194' title='bbox 104 3398 179 3462; x_wconf 90' lang='lat' dir='ltr'>sunt</span> <span class='ocrx_word' id='word_1_195' title='bbox 207 3397 347 3479; x_wconf 84' lang='lat' dir='ltr'>petenda</span> <span class='ocrx_word' id='word_1_196' title='bbox 389 3412 462 3459; x_wconf 89' lang='lat' dir='ltr'>nam</span> <span class='ocrx_word' id='word_1_197' title='bbox 494 3389 755 3476; x_wconf 87' lang='lat' dir='ltr'>quemadmodum</span> <span class='ocrx_word' id='word_1_198' title='bbox 787 3395 935 3462; x_wconf 88' lang='lat' dir='ltr'>solitariis</span> <span class='ocrx_word' id='word_1_199' title='bbox 967 3385 1121 3464; x_wconf 83' lang='lat' dir='ltr'>humanae</span> <span class='ocrx_word' id='word_1_200' title='bbox 1153 3414 1228 3464; x_wconf 89' lang='lat' dir='ltr'>con-</span> 
     </span>
     <span class='ocr_line' id='line_1_29' title="bbox 103 3495 1229 3578; baseline -0.001 -12"><span class='ocrx_word' id='word_1_201' title='bbox 103 3497 286 3566; x_wconf 81' lang='lat' dir='ltr'>uersationis</span> <span class='ocrx_word' id='word_1_202' title='bbox 316 3498 397 3564; x_wconf 91' lang='lat' dir='ltr'>uitia</span> <span class='ocrx_word' id='word_1_203' title='bbox 424 3495 560 3562; x_wconf 77' lang='lat' dir='ltr'>unimus</span> <span class='ocrx_word' id='word_1_204' title='bbox 590 3514 652 3562; x_wconf 91' lang='lat' dir='ltr'>uon</span> <span class='ocrx_word' id='word_1_205' title='bbox 678 3497 793 3578; x_wconf 89' lang='lat' dir='ltr'>deesse,</span> <span class='ocrx_word' id='word_1_206' title='bbox 824 3498 870 3564; x_wconf 92' lang='lat' dir='ltr'>ita</span> <span class='ocrx_word' id='word_1_207' title='bbox 893 3499 1048 3566; x_wconf 89' lang='lat' dir='ltr'>uirtutum</span> <span class='ocrx_word' id='word_1_208' title='bbox 1069 3501 1174 3568; x_wconf 90' lang='lat' dir='ltr'>studia</span> <span class='ocrx_word' id='word_1_209' title='bbox 1196 3505 1229 3567; x_wconf 89' lang='lat' dir='ltr'>et</span> 
     </span>
    </p>
   </div>
   <div class='ocr_carea' id='block_1_6' title="bbox 105 3819 1231 4073">
    <p class='ocr_par' dir='ltr' id='par_1_6' title="bbox 105 3819 1231 4073">
     <span class='ocr_line' id='line_1_30' title="bbox 156 3819 1231 3893; baseline 0.006 -17"><span class='ocrx_word' id='word_1_210' title='bbox 156 3819 362 3878; x_wconf 66' lang='lat' dir='ltr'>automno</span> <span class='ocrx_word' id='word_1_211' title='bbox 463 3819 737 3878; x_wconf 65' lang='lat' dir='ltr'>enumeratam*</span> <span class='ocrx_word' id='word_1_212' title='bbox 798 3865 801 3870; x_wconf 94' lang='lat'>.</span> <span class='ocrx_word' id='word_1_213' title='bbox 840 3822 1231 3893; x_wconf 65' lang='lat' dir='ltr'>itucideOdccoctX,12</span> 
     </span>
     <span class='ocr_line' id='line_1_31' title="bbox 105 3905 1165 3989; baseline 0.002 -25"><span class='ocrx_word' id='word_1_214' title='bbox 105 3909 167 3964; x_wconf 81' lang='lat' dir='ltr'>a&#39;m&#39;t.</span> <span class='ocrx_word' id='word_1_215' title='bbox 254 3905 567 3978; x_wconf 66' lang='lat' dir='ltr'>rourecpoeeqneffl</span> <span class='ocrx_word' id='word_1_216' title='bbox 653 3907 814 3978; x_wconf 86' lang='lat' dir='ltr'>percipimus</span> <span class='ocrx_word' id='word_1_217' title='bbox 832 3908 876 3989; x_wconf 84' lang='grc' dir='ltr'>0Ι</span> <span class='ocrx_word' id='word_1_218' title='bbox 939 3909 1090 3977; x_wconf 70' lang='lat' dir='ltr'>cuttidiaua</span> <span class='ocrx_word' id='word_1_219' title='bbox 1102 3911 1165 3978; x_wconf 72' lang='grc' dir='ltr'>ΕΚ</span> 
     </span>
     <span class='ocr_line' id='line_1_32' title="bbox 106 3991 1173 4073; baseline 0 -22"><span class='ocrx_word' id='word_1_220' title='bbox 106 3993 307 4052; x_wconf 77' lang='lat' dir='ltr'>bdiuturuisc</span> <span class='ocrx_word' id='word_1_221' title='bbox 409 3991 673 4062; x_wconf 76' lang='lat' dir='ltr'>itquemammodum</span> <span class='ocrx_word' id='word_1_222' title='bbox 691 3992 719 4046; x_wconf 90' lang='lat' dir='ltr'><strong><em>B</em></strong></span> <span class='ocrx_word' id='word_1_223' title='bbox 822 3993 856 4049; x_wconf 89' lang='lat'>10</span> <span class='ocrx_word' id='word_1_224' title='bbox 872 3997 903 4049; x_wconf 89' lang='lat' dir='ltr'>et</span> <span class='ocrx_word' id='word_1_225' title='bbox 920 3993 1106 4052; x_wconf 87' lang='lat' dir='ltr'>uidentiasima</span> <span class='ocrx_word' id='word_1_226' title='bbox 1122 3997 1173 4073; x_wconf 65' lang='lat' dir='ltr'><strong>R</strong></span> 
     </span>
    </p>
   </div>
   <div class='ocr_carea' id='block_1_7' title="bbox 106 4059 1231 4480">
    <p class='ocr_par' dir='ltr' id='par_1_7' title="bbox 106 4059 1231 4480">
     <span class='ocr_line' id='line_1_33' title="bbox 107 4059 1163 4164; baseline 0.003 -28"><span class='ocrx_word' id='word_1_227' title='bbox 107 4081 138 4136; x_wconf 90' lang='lat'>11</span> <span class='ocrx_word' id='word_1_228' title='bbox 157 4079 260 4136; x_wconf 70' lang='lat' dir='ltr'>mmor·</span> <span class='ocrx_word' id='word_1_229' title='bbox 277 4075 395 4133; x_wconf 74' lang='lat' dir='ltr'>mmm</span> <span class='ocrx_word' id='word_1_230' title='bbox 420 4059 560 4136; x_wconf 71' lang='lat' dir='ltr'>monetam</span> <span class='ocrx_word' id='word_1_231' title='bbox 580 4076 604 4133; x_wconf 89' lang='lat'><strong><em>0</em></strong></span> <span class='ocrx_word' id='word_1_232' title='bbox 698 4077 731 4133; x_wconf 83' lang='lat' dir='ltr'>ra</span> <span class='ocrx_word' id='word_1_233' title='bbox 748 4074 872 4136; x_wconf 70' lang='lat' dir='ltr'>romam·</span> <span class='ocrx_word' id='word_1_234' title='bbox 889 4078 942 4151; x_wconf 62' lang='lat' dir='ltr'>aar</span> <span class='ocrx_word' id='word_1_235' title='bbox 968 4080 1004 4146; x_wconf 72' lang='lat' dir='ltr'>of.</span> <span class='ocrx_word' id='word_1_236' title='bbox 1017 4085 1163 4164; x_wconf 60' lang='lat' dir='ltr'>eoppae</span> 
     </span>
     <span class='ocr_line' id='line_1_34' title="bbox 107 4163 1231 4243; baseline 0.003 -21"><span class='ocrx_word' id='word_1_237' title='bbox 107 4165 355 4235; x_wconf 70' lang='lat' dir='ltr'>remoramina</span> <span class='ocrx_word' id='word_1_238' title='bbox 457 4163 576 4218; x_wconf 79' lang='lat' dir='ltr'>naletud</span> <span class='ocrx_word' id='word_1_239' title='bbox 601 4163 681 4221; x_wconf 66' lang='grc' dir='ltr'>ΒΕΘ</span> <span class='ocrx_word' id='word_1_240' title='bbox 782 4163 817 4221; x_wconf 74' lang='grc'>14</span> <span class='ocrx_word' id='word_1_241' title='bbox 842 4168 1040 4236; x_wconf 79' lang='lat' dir='ltr'>aegrotantium</span> <span class='ocrx_word' id='word_1_242' title='bbox 1067 4170 1231 4243; x_wconf 84' lang='lat' dir='ltr'>couscientia</span> 
     </span>
     <span class='ocr_line' id='line_1_35' title="bbox 106 4247 1164 4324; baseline 0.007 -21"><span class='ocrx_word' id='word_1_243' title='bbox 106 4251 146 4324; x_wconf 74' lang='grc' dir='ltr'>βο</span> <span class='ocrx_word' id='word_1_244' title='bbox 257 4250 290 4305; x_wconf 86' lang='grc'>16</span> <span class='ocrx_word' id='word_1_245' title='bbox 316 4249 432 4305; x_wconf 82' lang='lat' dir='ltr'>archana</span> <span class='ocrx_word' id='word_1_246' title='bbox 458 4247 524 4306; x_wconf 71' lang='grc' dir='ltr'>ΒΡ·</span> <span class='ocrx_word' id='word_1_247' title='bbox 627 4251 707 4306; x_wconf 86' lang='lat' dir='ltr'>otiam</span> <span class='ocrx_word' id='word_1_248' title='bbox 734 4251 767 4306; x_wconf 89' lang='lat' dir='ltr'>de</span> <span class='ocrx_word' id='word_1_249' title='bbox 795 4250 872 4323; x_wconf 73' lang='lat' dir='ltr'>O’qlo</span> <span class='ocrx_word' id='word_1_250' title='bbox 981 4250 1164 4324; x_wconf 70' lang='lat' dir='ltr'>sequeno</span> 
     </span>
     <span class='ocr_line' id='line_1_36' title="bbox 107 4335 1230 4409; baseline 0.002 -16"><span class='ocrx_word' id='word_1_251' title='bbox 107 4339 140 4393; x_wconf 77' lang='lat' dir='ltr'>2&#39;l</span> <span class='ocrx_word' id='word_1_252' title='bbox 165 4337 280 4409; x_wconf 61' lang='lat' dir='ltr'>peoenda</span> <span class='ocrx_word' id='word_1_253' title='bbox 305 4335 399 4393; x_wconf 81' lang='lat' dir='ltr'>BFOe</span> <span class='ocrx_word' id='word_1_254' title='bbox 434 4337 581 4407; x_wconf 90' lang='lat' dir='ltr'>quaerenda</span> <span class='ocrx_word' id='word_1_255' title='bbox 606 4337 645 4408; x_wconf 78' lang='grc' dir='ltr'>βυ</span> <span class='ocrx_word' id='word_1_256' title='bbox 770 4337 1002 4409; x_wconf 86' lang='lat' dir='ltr'>quemammodum</span> <span class='ocrx_word' id='word_1_257' title='bbox 1023 4339 1057 4395; x_wconf 62' lang='lat' dir='ltr'>‘B</span> <span class='ocrx_word' id='word_1_258' title='bbox 1182 4341 1230 4395; x_wconf 88' lang='lat' dir='ltr'>bu·</span> 
     </span>
     <span class='ocr_line' id='line_1_37' title="bbox 107 4423 228 4480; baseline 0 0"><span class='ocrx_word' id='word_1_259' title='bbox 107 4423 228 4480; x_wconf 89' lang='lat' dir='ltr'>mauaO</span> 
     </span>
    </p>
   </div>
   <div class='ocr_carea' id='block_1_8' title="bbox 1072 4531 1128 4586">
    <p class='ocr_par' dir='ltr' id='par_1_8' title="bbox 1072 4531 1128 4586">
     <span class='ocr_line' id='line_1_38' title="bbox 1072 4531 1128 4586; baseline 0 -21"><span class='ocrx_word' id='word_1_260' title='bbox 1072 4531 1128 4586; x_wconf 68' lang='lat'>350</span> 
     </span>
    </p>
   </div>
   <div class='ocr_carea' id='block_1_9' title="bbox 0 0 1524 5200">
    <p class='ocr_par' dir='ltr' id='par_1_9' title="bbox 0 0 1524 5200">
     <span class='ocr_line' id='line_1_39' title="bbox 0 0 1524 5200; baseline 0 0"><span class='ocrx_word' id='word_1_261' title='bbox 0 0 1524 5200; x_wconf 95' lang='lat' dir='ltr'> </span> 
     </span>
    </p>
   </div>
  </div>
 </body>
</html>
