3009 5200
458 425 620 484 Oculatis
644 427 678 491 x,
694 426 771 481 4-6.
1113 427 1174 495 291

55 622 160 683 teman
193 614 228 681 in
262 614 390 682 illorum
418 633 539 698 quoque
565 613 689 693 anione
723 614 776 697 qui
810 630 982 697 numquam
1012 611 1179 698 gentilicis

55 718 275 803 superstitione
308 718 421 801 polluti
451 723 536 801 sunt,
568 719 627 787 eut
660 718 762 784 colore
791 716 966 786 testimonii
994 716 1087 786 leuius
1116 733 1177 800 pue

57 821 187 887 dieiturt
218 820 414 888 iaciamus
443 821 636 889 hominem
666 820 711 888 ad
733 820 950 903 imaginem
970 822 1010 885 et
1029 819 1180 890 simili.

55 924 232 991 tudinem
266 928 455 1006 nostram,
488 923 637 1006 inperitia
662 942 718 990 seu
749 922 923 991 restoitets
951 923 1081 992 faciente
1105 936 1179 990 con·

37 1032 175 1093 stractus
198 1030 258 1103 est,
279 1026 328 1094 its
349 1031 387 1096 at
408 1027 504 1094 etiam
526 1026 663 1094 haeresis
689 1044 769 1109 quse
795 1025 910 1092 dicitur
930 1025 1178 1109 Anthropomeu·

56 1131 217 1213 pluiturum
254 1131 312 1197 sub
348 1130 506 1197 ccceeione
549 1130 750 1198 detestandae
787 1128 879 1197 huius
914 1125 1178 1211 interpretationis

57 1233 227 1317 emerserit,
266 1251 344 1317 quoe
379 1234 555 1300 inmensam
591 1231 681 1299 illam
718 1250 756 1297 ac
788 1231 962 1315 simplicem
1000 1229 1177 1298 diuinitatis

56 1336 269 1403 substantiam
290 1336 484 1416 momentis
505 1335 618 1404 nostrie
640 1336 672 1401 et
686 1334 826 1402 humana
841 1334 1026 1419 figuratione
1039 1331 1177 1415 conposi-

57 1443 120 1505 tam
153 1440 307 1522 pertinaci
340 1439 546 1522 peruersitate
579 1438 747 1505 contendit.
786 1456 879 1521 qnam
912 1441 1017 1508 tamen
1048 1436 1075 1503 si
1108 1434 1209 1519 quis3

30 1542 151 1609 eluerit
174 1541 338 1612 catholicis
360 1542 560 1626 dogmatibus
580 1541 745 1610 institutus
772 1542 809 1606 nt
824 1540 976 1625 gentilem
988 1540 1177 1624 blasphemi-

57 1667 105 1711 em
127 1646 341 1713 detmtabitur
366 1650 400 1712 et
420 1647 469 1711 ita
483 1648 522 1711 ad
537 1644 626 1713 illam
642 1643 791 1711 outonis
807 1644 1010 1727 purissimam
1021 1644 1181 1727 perueniet

58 1748 255 1830 qualitatem,
285 1766 364 1830 quae
394 1766 455 1813 non
484 1748 586 1813 solum
617 1746 740 1813 nullam
769 1748 942 1813 diuinitatis
965 1747 1102 1831 effigiem
1125 1764 1180 1813 uec

58 1852 243 1917 liniamenta
274 1868 428 1935 corporeo,
463 1850 545 1934 quod
577 1850 664 1917 dictu
696 1868 818 1934 quoque
852 1850 938 1917 noles
972 1854 1029 1928 est,
1065 1851 1099 1918 in
1126 1866 1182 1917 sua

59 1955 287 2039 supplicatione
308 1954 463 2032 miscebit,
485 1954 540 2022 sed
561 1974 598 2021 ne
620 1953 721 2020 uilem
747 1954 873 2037 quidem
895 1957 930 2025 in
950 1972 985 2024 se
998 1955 1181 2026 memoriam

33 2057 134 2124 edicti
167 2057 354 2140 cuiusquam
389 2058 440 2123 uel
472 2057 549 2123 tacti
585 2058 722 2141 speciem
756 2075 813 2125 seu
844 2056 977 2125 formam
1014 2057 1182 2125 cuiuslibet

61 2160 252 2227 characteris
273 2159 430 2227 admittet.

99 2281 154 2345 VI.
190 2280 367 2347 Secundum
403 2298 578 2347 mensuram
623 2300 758 2365 namque
798 2280 945 2363 puritatis
982 2296 1065 2365 auae,
1103 2279 1183 2346 siout

63 2384 219 2466 superiore
254 2386 426 2450 conlatione
468 2386 627 2467 meretur
667 2403 748 2465 sum,
792 2402 993 2467 massaeque
1028 2402 1113 2449 mens
1150 2385 1183 2451 in

63 2488 200 2553 oratione
221 2505 279 2553 sue
300 2488 352 2553 uel
374 2488 506 2573 erigitur
527 2490 580 2555 uel
600 2489 762 2565 formatur,
777 2488 901 2553 tentum
917 2486 1037 2553 scilicet
1051 2506 1071 2553 a
1084 2492 1182 2554 terro·

35 2610 168 2658 enarum
192 2609 229 2657 ao
251 2590 462 2658 materialium
483 2611 587 2656 rerum
612 2589 873 2674 contemplatione
896 2590 1062 2670 discedens,
1085 2610 1183 2674 quun·

65 2696 129 2760 tum
150 2713 224 2761 eam
244 2697 346 2761 status
364 2713 437 2762 suae
459 2695 632 2778 promuerit
654 2695 801 2778 puritatis
825 2695 995 2780 feceritque
1012 2697 1116 2761 Iesum
1132 2695 1183 2761 nol

65 2797 214 2863 humilem
237 2798 338 2864 adhuc
359 2802 391 2863 et
412 2817 567 2878 munaum
597 2798 649 2864 uel
671 2798 878 2881 glorificatum
900 2800 933 2865 et
953 2799 988 2865 in
1010 2797 1183 2864 meiestetie

67 2918 137 2965 ome
165 2901 268 2986 gloria
297 2900 476 2969 uenientem
510 2903 643 2969 internis
674 2903 836 2968 obtutibus
865 2903 987 2970 enimse
1019 2902 1182 2986 perdideri.

68 3021 124 3069 nen
155 3004 244 3070 enim
270 3009 417 3086 poterunt
449 3004 564 3069 intueri
593 3004 700 3070 Iesum
729 3007 905 3071 uenientem
934 3009 966 3073 in
994 3021 1088 3091 regno
1117 3004 1215 3084 suet

39 3107 118 3188 spui
146 3107 251 3174 adhuc
277 3106 336 3174 sub
365 3107 424 3173 ille
454 3109 680 3190 quodammodo
708 3108 837 3176 Iudaico
858 3109 1042 3176 infirmitate
1063 3109 1184 3176 detenti

67 3229 126 3276 nou
157 3216 280 3294 queunt
305 3210 406 3278 dicere
434 3230 506 3276 cum
535 3211 691 3294 spostolo:
718 3215 756 3277 et
785 3213 818 3278 ei
849 3215 1107 3298 cognorimus
1129 3231 1186 3278 se·

68 3316 231 3381 cundum
253 3332 413 3380 carnem
435 3312 653 3394 Christum,
676 3316 744 3381 sed
767 3316 962 3382 nunciam
986 3334 1057 3382 non
1077 3317 1186 3382 noui·

165 3541 361 3606 scensas
461 3542 684 3611 lomes
781 3543 1033 3611 sennensis

118 3752 248 3820 lgeutili
267 3753 318 3807 Xe
419 3755 606 3811 lteetemonii
621 3756 657 3809 V¹
759 3757 1002 3826 tanthropcmori.
1021 3757 1068 3814 VO
1096 3760 1186 3813 antro·

69 3838 247 3906 pomort.DP
333 3839 595 3909 tinterpretatlones
605 3832 648 3895 1>¹
734 3842 952 3900 septennio
1039 3844 1073 3899 13
1084 3844 1185 3899 dictum

74 3922 135 3977 VP¹
229 3923 262 3978 16
280 3927 420 3982 caracteris
442 3925 519 3984 ΟΧ,
587 3926 714 3981 admittit
730 3927 782 3983 VP
808 3928 993 3985 admittendo
1087 3930 1120 3985 19
1137 3930 1187 3984 sci-

71 4008 132 4064 lecit
152 4010 178 4063 V
265 4010 396 4064 scenD
489 4011 678 4069 mueronem
699 4012 734 4068 V¹
829 4015 1119 4071 metumientem

69 4094 328 4153 tanelwneumo
413 4098 557 4154 maiistatie
577 4099 600 4155 V
623 4101 784 4173 mepestatis
798 4100 853 4156 ΟΧ
936 4101 970 4158 23
988 4101 1075 4172 gloria
1092 4101 1120 4156 D

70 4181 208 4250 optutibus
223 4183 253 4238 D
338 4184 474 4252 possidere
492 4201 527 4241 co
543 4187 653 4255 puidere
670 4186 700 4241 D
785 4188 819 4242 24
836 4189 981 4256 potuerunt
1002 4187 1025 4262 (l
1110 4188 1188 4258 riguo

75 4265 101 4318 V
125 4268 154 4322 iu
170 4284 250 4340 regno
267 4285 316 4324 suo
333 4270 482 4327 uenientem
500 4271 530 4327 D
626 4271 874 4341 aoqoodommocu
896 4272 922 4328 V
1016 4273 1050 4330 26
1066 4274 1189 4342 apostola

76 4351 103 4405 V
127 4369 184 4408 cum
200 4353 320 4424 apostolo
338 4355 466 4412 dicereO
566 4373 627 4417 eum
643 4358 790 4416 mundum
812 4357 834 4414 O

966 4521 967 4524 ,
1034 4465 1087 4520 19*
