3009 5200
272 394 338 461 462
658 392 826 445 Iohannis
849 390 1009 445 Cassiani

272 581 384 646 dedit
419 584 512 645 deus
550 580 748 645 Salomoni
784 579 1027 662 sapientiam
1064 577 1394 660 prudentiamque

273 684 436 749 multam
469 683 602 767 uimIs,
631 687 668 747 et
694 682 963 747 latitudinem
990 681 1122 747 cerdis
1151 682 1264 763 qnasi
1287 681 1393 745 hare·

274 806 359 872 nam
381 788 501 851 maris
522 786 861 853 innumerabilem

313 906 464 973 XXVIII.
490 907 576 973 Illud
602 925 724 990 quoque
756 907 867 973 multis
893 914 940 971 est
965 906 1183 988 experimentis
1215 906 1394 987 saepissime

272 1011 495 1093 conprobatum
527 1011 615 1076 nuile
647 1011 739 1075 mode
768 1028 831 1083 ecs.
865 1012 919 1091 qui
947 1009 1158 1075 amicitiarum
1188 1008 1295 1075 foedus
1322 1028 1430 1077 cen-⁵

271 1113 435 1178 iurationis
460 1114 559 1179 iniere
586 1114 752 1197 principie,
781 1115 987 1195 indisruptam
1013 1112 1153 1194 petuisse
1174 1130 1298 1177 seruare
1320 1129 1392 1175 can·

272 1218 418 1293 cordiam,
447 1217 514 1282 siue
543 1218 626 1299 quod
654 1236 724 1281 eam
753 1235 814 1283 non
845 1236 899 1300 pre
929 1216 1080 1281 desiderio
1108 1216 1307 1299 perfectionis
1337 1234 1393 1279 nac

270 1337 326 1403 pre
353 1320 540 1403 apostelicae
569 1322 709 1385 caritatis
735 1322 876 1402 imperio,
909 1320 964 1387 sed
991 1338 1048 1401 pre
1077 1338 1181 1385 amere
1209 1325 1332 1385 terrene
1360 1321 1394 1383 et

270 1442 326 1505 per
345 1426 564 1489 necessitatem
587 1444 624 1489 ac
647 1424 811 1491 uinculum
832 1427 915 1507 pacti
938 1426 1072 1489 retinere
1095 1425 1197 1489 cenati
1219 1424 1303 1501 sunt,
1323 1422 1391 1487 siue

270 1527 351 1608 qued
384 1527 439 1591 ille
471 1527 693 1593 callidissimus
719 1528 876 1604 inimicus,
906 1530 942 1591 nt
971 1544 1021 1590 ees
1054 1527 1315 1607 praeuaricatcres
1343 1526 1428 1596 suin

271 1629 366 1695 iaciat
386 1632 585 1710 sacramenti,
608 1631 740 1697 celerius
762 1632 801 1695 ad
824 1631 1034 1713 inrumpenda
1059 1630 1269 1695 amicitiarum
1285 1627 1393 1693 uincla

242 1727 465 1817 *praecipitat
508 1737 685 1801 certissima
716 1754 789 1818 erga
823 1740 872 1799 est
904 1732 1219 1815 prudentissimorum
1251 1734 1393 1796 uirorum

268 1838 325 1901 illa
357 1839 513 1905 sententia
546 1839 739 1905 concordiam
774 1858 882 1904 ueram
916 1840 949 1902 st
982 1836 1177 1903 indiuiduam
1209 1835 1393 1901 societatem

269 1940 332 2005 atsi
358 1940 442 2009 inter
468 1941 648 2009 emendatas
674 1960 777 2008 meres
805 1941 1007 2023 anatemque
1029 1940 1159 2003 uirtutis
1180 1956 1218 2003 ac
1238 1938 1392 2021 propositi

267 2044 352 2111 uires
373 2050 458 2111 stare
480 2062 544 2109 ucn
563 2064 662 2128 posse.
1400 2075 1428 2115 ιε

310 2165 397 2230 Haec
417 2167 457 2231 (ie
477 2166 618 2230 amicitia
638 2168 746 2231 beatus
768 2167 878 2248 Ioseph
897 2165 1033 2248 spiritali
1049 2164 1228 2230 narratione
1242 2163 1392 2228 disseruit

268 2287 384 2352 nosque
418 2270 458 2334 ad
493 2268 731 2335 custodiendam
775 2268 955 2335 scdafitatis
998 2271 1180 2350 perpetuam
1225 2268 1391 2332 caritatem

267 2373 425 2438 ardentius
453 2374 608 2438 incitauit.

319 2659 476 2714 ldcminnc
491 2663 536 2716 ‘Pe
617 2659 747 2716 salemoni
765 2660 836 2712 ΣΙΡ
862 2658 1038 2713 uelamenti*
1123 2659 1140 2712 2
1158 2659 1244 2714 multa
1261 2661 1320 2712 ΣΟ

265 2746 367 2800 harena
391 2748 420 2798 Σ
453 2761 561 2800 arenam
587 2746 614 2797 Τ
644 2761 725 2799 arena
751 2746 777 2798 0
897 2745 913 2798 6
939 2745 1008 2798 inire
1035 2746 1143 2798 ΣΠὊ
1176 2745 1271 2798 ineunt
1296 2747 1322 2796 ‘P

264 2831 418 2902 indisrupta
434 2831 465 2883 Π
547 2831 686 2884 concordia
702 2831 743 2882 II‘
839 2830 853 2883 t
872 2846 932 2884 sene
950 2829 989 2882 11¹
1083 2831 1100 2884 9
1118 2847 1165 2900 pro
1182 2832 1339 2885 necessitate
1356 2847 1390 2885 ac

264 2919 409 2972 uinculc‘P
484 2919 517 2971 11
529 2915 714 2985 rumpenda?
791 2916 900 2970 uincula
911 2917 984 2971 YOc
1063 2916 1097 2970 14
1108 2917 1266 2972 emendatus
1277 2918 1318 2970 11¹

265 3024 379 3074 naues
396 3021 435 3073 m
530 3023 563 3075 1e
580 3021 699 3074 necrus
714 3021 754 3071 n¹
852 3021 884 3075 rs
901 3020 1033 3074 inuenit
1050 3023 1079 3073 a
1172 3009 1262 3091 nxpi'e.
1279 3021 1390 3077 aemes

264 3107 357 3175 ioseph
379 3107 412 3159 de
434 3107 554 3161 amicitIa
576 3107 696 3174 capitula
709 3109 715 3176 Ι
729 3107 832 3176 Incipit
854 3107 972 3160 sinadam
989 3107 1022 3160 dc
1039 3107 1189 3162 definiendo
1207 3110 1236 3161 Σ
1269 3108 1391 3177 Explicit

264 3195 370 3249 abbatia
393 3194 485 3262 ioseph
508 3195 541 3248 dc
557 3194 680 3248 amicitia
696 3195 829 3262 (amititia
845 3195 896 3260 11¹>
915 3194 1033 3250 cuulatIc
1050 3196 1145 3264 prima.
1178 3197 1248 3250 Item
1266 3199 1327 3262 (aar.
1343 3197 1389 3266 11)

263 3281 398 3350 incipiunt
413 3281 532 3349 capitula
549 3280 667 3334 eiusdem
683 3281 755 3334 senia
773 3280 806 3335 de
822 3279 939 3336 finiende
957 3281 1000 3350 (de
1015 3281 1172 3336 definitione
1189 3285 1223 3347 Y)
1239 3283 1300 3336 nr
1331 3283 1388 3338 Ex·

263 3366 321 3435 pica
337 3365 393 3420 cite
408 3365 495 3435 prima
516 3365 623 3420 abbatis
646 3365 736 3436 ioseph
758 3366 937 3422 deamicitia
965 3383 1051 3422 amen.
1086 3368 1187 3438 Incipit
1209 3368 1326 3422 eiusdem
1344 3385 1389 3422 se·

263 3453 350 3506 cunda
367 3451 399 3505 de
416 3451 565 3506 definiendo
582 3453 609 3506 0
