3009 5200
293 432 358 499 268
683 428 848 485 Iohannis
868 426 1026 483 Oaaaiaui

292 621 408 687 ootidie
435 620 579 687 chunus
604 620 716 703 regnat
743 617 779 681 iu
807 616 925 683 ennete
950 617 1045 699 (quod
1066 618 1113 681 ita
1134 615 1180 695 lit,
1202 635 1274 683 oum
1296 616 1419 685 diaboli

292 725 422 806 imperio
456 744 511 806 per
545 723 768 788 extinctionem
811 720 995 785 munuum
1037 720 1187 785 uitiorum
1227 720 1265 785 de
1301 722 1417 787 uostris

292 826 435 893 eordibue
456 828 546 911 puleo
567 830 644 893 leue
665 826 699 889 in
721 824 810 891 nobis
831 843 887 907 per
908 825 1064 889 uirtutum
1081 826 1195 889 bouum
1209 824 1417 907 fragrantiam

292 932 427 1013 eoeperit
458 930 612 997 dominari
639 933 672 994 et
707 930 833 993 deuiota
864 927 1066 993 fornicatione
1099 928 1237 1006 nestitae,
1270 918 1417 1013 aupnato

293 1034 396 1100 furore
416 1032 639 1116 tranquillitos,
662 1032 782 1097 cunata
795 1031 941 1112 superbia
954 1030 1119 1097 humilitas
1134 1030 1169 1095 iu
1183 1032 1290 1097 noetra
1309 1036 1417 1099 mento
1440 1055 1455 1093 ⁵

291 1138 496 1222 regnauerit),
518 1135 570 1201 uel
592 1136 674 1199 certo
695 1134 777 1201 illud
799 1134 880 1216 quod
902 1136 1088 1217 praestituto
1110 1138 1250 1217 tempore
1270 1136 1416 1201 omnibus

291 1245 340 1307 eat
361 1240 506 1324 persentis
528 1257 565 1303 no
586 1238 636 1302 dei
658 1237 733 1303 liliis
761 1237 951 1321 generaliter
979 1240 1212 1321 repromissum,
1234 1240 1265 1303 iu
1288 1257 1350 1322 quo
1367 1241 1415 1305 eis

292 1344 415 1409 dieetur
436 1361 456 1407 a
477 1341 617 1407 christo:
639 1341 775 1405 uenite
798 1340 1010 1407 benedieti
1033 1342 1158 1424 patrie
1180 1341 1272 1421 mei,
1287 1344 1414 1425 posei-

291 1449 381 1513 ‹leto
403 1450 583 1529 paratum
605 1444 894 1527 uobiareguum
909 1463 928 1509 a
943 1443 1243 1510 eonstitutione
1259 1446 1414 1525 mundi,

290 1550 422 1615 intentis
450 1549 530 1614 illud
563 1547 787 1630 quodammodo
809 1548 969 1615 obtutibus
992 1566 1029 1613 ao
1051 1547 1157 1613 deliria
1180 1548 1357 1615 timidorum
1379 1552 1454 1614 etro

290 1658 453 1735 expectans
473 1653 639 1733 dioeneque
654 1652 694 1716 ad
709 1670 799 1715 eum:
823 1651 957 1716 ueniat
981 1671 1140 1735 reguum
1162 1656 1285 1718 tuum.
1322 1653 1412 1717 nouit

290 1759 375 1821 euim
394 1755 575 1821 testimonio
597 1754 803 1819 oonaoieutiae
832 1772 915 1832 suae,
944 1773 1016 1819 oum
1042 1757 1230 1839 apparuerit,
1252 1773 1323 1823 mox
1344 1759 1412 1821 eiua

289 1878 322 1922 so
356 1860 496 1923 futuram
533 1876 599 1921 eeee
635 1861 818 1922 consortem.
862 1858 938 1923 haeo
972 1858 1054 1923 enim
1088 1859 1188 1924 dioere
1221 1860 1272 1927 uel
1304 1862 1411 1943 optare

290 1962 526 2027 criminosorum
548 1961 655 2026 nullm
676 1961 814 2039 audebit,
838 1962 911 2043 quia
932 1980 987 2027 nec
1009 1962 1113 2027 uidere
1137 1963 1276 2029 tribuual
1297 1964 1411 2029 iudicis

289 2065 384 2142 uolet,
416 2066 544 2147 quiaque
576 2063 636 2128 eub
670 2064 807 2129 aduentu
839 2065 904 2129 eius
933 2082 994 2129 uon
1022 2066 1162 2146 palmam
1187 2085 1244 2131 neo
1271 2070 1454 2150 praemiare

288 2168 356 2233 euin
378 2168 511 2248 meritis,
532 2168 587 2231 aed
608 2186 739 2251 poenam
763 2168 851 2232 uouit
871 2167 1013 2251 protinus
1036 2173 1266 2250 repensandam.

330 2288 398 2354 XX.
430 2289 536 2353 Tertia
564 2287 749 2371 supplicatio
779 2288 916 2353 filiorum
946 2290 1010 2354 eet:
1034 2289 1113 2355 fiat
1134 2290 1319 2356 uoluntas
1341 2294 1410 2357 tua

287 2392 396 2458 eiout
426 2394 465 2457 iu
493 2392 604 2458 eaelo
633 2398 672 2457 et
701 2392 738 2455 in
768 2394 883 2457 terra
921 2410 982 2457 nou
1011 2396 1112 2475 potest
1138 2412 1203 2457 esse
1225 2396 1288 2459 inm
1309 2394 1409 2461 maior

287 2495 385 2561 oratio
407 2514 502 2577 quarn
515 2498 634 2578 optare,
649 2500 686 2558 ut
702 2500 824 2559 terrena
839 2498 1016 2561 mereantur
1033 2494 1220 2561 oaeleatibua
1236 2498 1408 2579 ooaequari.

173 2684 176 2692 Ι
287 2618 361 2665 nam
393 2598 468 2683 quill
497 2603 544 2664 aet
574 2597 661 2664 aliud
691 2600 794 2664 dioere
823 2598 899 2664 liat
929 2598 1115 2666 uoluntas
1144 2605 1212 2665 tua
1240 2602 1346 2665 siout
1367 2601 1454 2668 iuno

287 2703 397 2768 oaelo
418 2709 458 2768 ot
478 2704 519 2768 iu
540 2707 649 2769 torta
669 2721 764 2786 quarn
787 2709 823 2767 ut
846 2703 911 2768 aiut
932 2704 1072 2770 homines
1094 2704 1215 2770 eimilee
1230 2704 1359 2790 angelis,
1375 2708 1409 2770 et

286 2807 368 2872 eiout
388 2807 533 2872 uoluntas
556 2806 606 2873 dei
627 2807 667 2872 ab
689 2806 754 2871 illis
777 2806 916 2888 inpletur
938 2808 971 2872 iu
993 2808 1089 2886 eaelo,
1112 2809 1158 2872 ita
1180 2809 1277 2874 etiam
1298 2807 1332 2872 lui
1353 2808 1408 2889 qui

287 2911 321 2975 in
341 2911 427 2975 terra
449 2913 524 2975 eunt
544 2929 608 2976 non
628 2929 726 2987 enam,
749 2911 803 2974 sed
819 2911 885 2976 eiua
900 2912 1041 2977 uniuersi
1055 2912 1174 2976 iaoiaut
1188 2911 1408 2977 uoluntatem?

287 3011 345 3077 hoo
373 3031 493 3094 quoque
523 3031 614 3078 nemo
642 3032 678 3078 ex
703 3011 818 3078 affeetu
841 3015 944 3080 dicere
965 3014 1159 3097 praeualobit
1180 3015 1241 3082 niei
1262 3016 1289 3080 ia
1312 3015 1407 3091 eolua,

288 3114 341 3196 qui
363 3116 455 3179 deum
478 3115 578 3180 eredit
598 3117 703 3181 omnia
725 3135 803 3199 quae
825 3117 973 3182 uidentur
987 3118 1038 3183 uel
1053 3117 1183 3183 eduense
1197 3119 1248 3182 uel
1262 3134 1452 3200 prosperans

284 3233 341 3298 pro
363 3219 479 3282 uostris
501 3218 694 3284 utilitatibus
716 3221 902 3302 (impensare,
926 3220 1085 3304 magisque
1106 3239 1179 3286 eum
1199 3240 1254 3305 pro
1278 3239 1407 3286 suorum

284 3320 383 3386 saluto
415 3323 447 3386 et
479 3323 647 3388 oommoolie
678 3322 842 3405 prouidum
878 3329 971 3405 atque
1007 3323 1181 3390 sollicitum
1217 3342 1311 3405 quam
1350 3339 1407 3388 noa

384 3575 470 3632 alit.
488 3575 530 3642 25,
547 3577 583 3630 34
686 3580 716 3631 ll
734 3577 785 3632 nt.
803 3577 829 3642 6,
849 3579 882 3632 10
984 3579 1017 3633 17
1035 3579 1053 3632 l.
1072 3596 1094 3634 o.

337 3817 562 3873 1ootttu1o¹w
647 3818 752 3873 diaboli
775 3819 825 3874 VP
913 3817 1092 3875 2ieteutiurn
1109 3819 1224 3875 DOPX
1315 3820 1409 3876 3uir·

281 3905 369 3958 tutem
395 3904 434 3959 W
534 3905 604 3960 bona
632 3905 659 3960 V
761 3905 933 3975 flagrantiam
960 3907 1047 3960 VDX
1073 3907 1249 3976 fraglantiam
1275 3907 1338 3964 WO

280 3989 414 4046 4furnic.
435 3991 462 4046 V
554 3993 679 4048 bfurure
700 3994 728 4047 V
821 3993 956 4048 Sdioitur
976 3993 1067 4050 VWP
1162 3995 1195 4049 10
1211 3995 1278 4048 illuo
1295 3994 1337 4048 D²

281 4077 424 4146 optutibua
439 4076 511 4135 DW
605 4078 710 4133 definio
731 4079 770 4134 W
865 4079 897 4133 13
914 4095 942 4133 ee
960 4095 1027 4134 στω.
1045 4082 1076 4134 toa
1093 4078 1123 4133 D
1213 4080 1332 4134 futuram
1354 4079 1408 4136 W:

280 4162 403 4218 futurum
426 4165 484 4218 roll.
507 4182 524 4220 o
611 4166 644 4219 14
666 4165 882 4220 criminos-orum
905 4165 936 4220 D
1038 4166 1071 4221 16
1094 4167 1220 4234 protenus
1242 4166 1324 4222 D¹P:
1352 4182 1408 4224 oen.

285 4283 324 4340 W
408 4287 442 4341 19
457 4289 535 4354 optio
552 4291 592 4353 (ia
609 4289 752 4363 turoam
765 4289 796 4353 2)
816 4287 856 4342 W
945 4288 998 4341 iam
1016 4259 1126 4342 molenti
1140 4287 1170 4342 D
1259 4290 1409 4357 quoaquari

280 4369 336 4426 ΠΟ
426 4372 461 4425 22
477 4371 518 4425 hii
535 4372 697 4428 DWOPX¹
789 4373 824 4426 24
840 4372 883 4426 hia
899 4373 1004 4429 D¹0P¹
1090 4374 1124 4428 27
1142 4375 1227 4444 adque
1251 4375 1340 4431 VWP
