3009 5200
503 450 666 504 Conlatio
689 451 727 517 Il,
744 452 820 506 d-d.
1179 453 1220 522 47

119 636 224 702 vm.
261 639 409 722 Longum
447 641 497 704 est
536 638 747 723 deceptionem
790 639 878 704 illius
923 657 1043 722 quoque
1079 638 1220 704 monachi

84 739 340 822 llesopotameni
365 743 520 807 narrando
542 760 726 824 percurrere,
759 741 812 824 qui
836 744 868 806 in
890 742 947 806 illa
968 742 1129 823 prouincia
1150 760 1220 824 per-

87 844 188 924 paucis
213 844 412 910 imitabilem
435 844 657 913 continentiam
680 847 799 921 tenens,
815 861 909 926 quam
923 863 980 927 per
993 861 1090 908 annos
1105 844 1221 910 multos

88 947 298 1028 angulariter
326 949 359 1012 in
389 948 470 1013 cella
499 952 637 1013 retrusus
667 949 818 1030 exegerat,
848 950 894 1011 ita
916 951 962 1012 est
986 948 1026 1012 ad
1048 951 1220 1012 extremum

70 1047 256 1114 idiabolicis
293 1050 534 1118 reuelatiouibus
568 1052 757 1132 somniisque
786 1052 922 1132 delusus,
950 1056 986 1116 nt
1014 1054 1085 1133 post
1116 1053 1220 1114 tantos

87 1151 211 1216 atores
232 1157 331 1234 atque
353 1153 498 1237 uirtutes,
519 1153 631 1236 quibus
654 1157 824 1219 excesserat
846 1172 952 1218 omnes
974 1153 1138 1219 monachos
1160 1153 1218 1218 ibi·

87 1257 155 1318 dem
180 1255 372 1334 residentes,
397 1257 435 1321 ad
457 1256 651 1321 Iudaismum
673 1258 706 1320 et
728 1255 993 1321 circumcisionem
1015 1259 1115 1320 carnis
1130 1257 1219 1339 lapsu

87 1358 266 1422 msemuili
307 1356 495 1423 solueretur.
539 1376 612 1423 narn
648 1377 719 1423 cum
754 1360 861 1424 uolens
894 1376 965 1423 eum
997 1354 1249 1423 consuetudin02

89 1459 248 1524 nisionum
273 1461 314 1524 sd
337 1459 553 1526 credulitatem
576 1460 701 1526 suturae
716 1461 904 1544 deceptionis
919 1460 1042 1526 inlicere
1056 1460 1220 1526 uenssima

60 1581 232 1646 aquaeque
247 1562 353 1628 multo
368 1565 507 1644 tempore
522 1563 662 1628 diabolus
678 1563 768 1629 uelut
781 1565 924 1630 ueritatis
939 1564 1066 1628 nuntius
1080 1563 1218 1629 reuelas·

92 1668 142 1746 set,
177 1667 221 1730 ad
259 1672 434 1730 extremum
462 1666 597 1731 ostendit
625 1664 837 1731 Christianum
869 1667 1019 1748 populum
1051 1685 1114 1731 nna
1146 1685 1218 1731 cnm

91 1768 288 1850 principibus
320 1768 478 1849 religionis
506 1785 542 1832 ac
563 1768 634 1834 fidei
657 1773 791 1848 nostrae,
812 1771 961 1850 apostolis
983 1768 1103 1833 scilicet
1123 1770 1217 1851 atque

91 1871 298 1953 martyribus,
327 1869 524 1935 tenebrosum
552 1888 588 1935 ac
614 1872 750 1935 taetrum
780 1874 923 1953 omnique
950 1871 1048 1936 macie
1077 1873 1216 1937 tabidum

92 1975 184 2056 atque
214 1972 389 2038 deformem
413 1975 444 2038 et
470 1975 616 2038 econtra
647 1973 833 2039 ludaeorum
862 1974 984 2055 plebem
1013 1993 1085 2038 cum
1106 1975 1216 2057 Moysi,

67 2076 294 2160 speciminis,
317 2075 476 2158 prophetis
497 2093 618 2140 summa
639 2076 864 2158 tripudiantem
889 2075 1013 2142 laetitia
1035 2080 1067 2140 et
1080 2077 1217 2159 splendi-

91 2179 221 2244 dissimo
255 2179 376 2243 lumine
401 2181 625 2256 coruscantem,
648 2178 780 2243 suadens
805 2184 851 2263 ut,
874 2179 900 2243 ei
923 2179 1031 2244 mallet
1054 2178 1159 2243 meriti
1181 2197 1217 2243 ac

90 2281 299 2347 beatitudinis
333 2282 458 2348 illorum
493 2282 647 2365 particeps
684 2281 761 2357 fieri,
798 2281 1061 2346 circumcisionem
1098 2299 1218 2363 quoque

89 2385 247 2468 suscipere
270 2383 442 2449 festinaret.
480 2385 590 2449 borum
616 2383 723 2466 itaque
744 2384 881 2467 profecto
904 2384 1010 2449 nullus
1033 2387 1099 2449 tarn
1122 2385 1216 2466 lugu-

89 2488 189 2552 briter
219 2487 335 2552 iuisset
362 2487 493 2563 inlusus,
521 2487 548 2552 si
570 2487 723 2552 rationem
753 2487 946 2553 discretionis
973 2487 1066 2552 huius
1089 2487 1218 2570 adsequi

63 2590 301 2657 »laborassent
324 2591 523 2673 quemobrem
545 2591 577 2655 iu
592 2589 719 2672 quantis
741 2591 946 2672 perniciosum
967 2590 1010 2655 sit
1025 2589 1217 2656 discretionis

89 2694 229 2777 gretiam
253 2712 314 2758 non
336 2692 459 2776 babere,
481 2693 651 2758 multorum
674 2710 761 2758 casus
776 2696 809 2757 et
824 2694 1032 2777 experimenta
1046 2694 1215 2759 declarant.

132 2820 245 2886 VIIII.
268 2821 320 2885 Ad
342 2822 417 2885 baec
438 2838 636 2887 onamauvs:
666 2822 706 2886 Et
729 2821 860 2887 nouellis
875 2821 1023 2904 exemplis
1038 2823 1071 2885 et
1085 2820 1218 2885 deliniti-

89 2922 205 2988 onibus
245 2923 443 3005 antiquornm
480 2924 557 2988 satis
593 2922 775 3007 abundeque
810 2924 969 3005 perpatuit
1002 2923 1216 2989 discretionem

91 3028 212 3091 iontm
251 3027 473 3109 quodammodo
510 3027 705 3109 radicemque
738 3031 918 3093 cunctarum
955 3044 1021 3091 esse
1053 3026 1217 3091 uirtutum.

61 3130 249 3210 usquemodo
276 3147 349 3211 ergo
372 3129 493 3212 adquiri
523 3128 637 3194 debeat
665 3130 807 3210 cupimus
836 3129 965 3208 edoceri,
993 3132 1048 3193 aut
1070 3130 1217 3210 quemad-

91 3234 223 3297 modum
246 3232 352 3295 utrum
377 3250 451 3296 uera
474 3236 504 3295 et
527 3250 563 3295 er
586 3232 653 3311 deo,
677 3251 716 3296 an
738 3231 817 3297 falsa
839 3234 870 3296 et
892 3230 1046 3297 diabolica
1060 3232 1104 3295 sit
1120 3232 1219 3314 possit

148 3520 162 3571 1
190 3517 346 3585 deceptione
375 3518 412 3573 W
515 3533 617 3586 quoque
643 3518 719 3571 illius
744 3518 776 3573 D
876 3517 894 3571 2
919 3520 1056 3587 prouintia
1087 3518 1152 3575 WX

96 3612 112 3663 i
139 3611 368 3665 circumcisionem
399 3610 438 3665 W
460 3616 486 3665 et
514 3614 540 3666 ‘6
563 3612 618 3667 ms?
644 3611 721 3681 apud
752 3613 913 3680 capeliam:
942 3614 1116 3668 concisionem
1139 3614 1219 3671 DXo

97 3704 154 3764 (sed
175 3721 225 3758 con
249 3706 284 3758 irs
299 3719 353 3759 rus.
376 3708 446 3759 Μ
471 3705 510 3771 D)
614 3706 689 3761 labsu
719 3706 756 3762 W
868 3708 898 3761 11
926 3707 1084 3761 christianos
1111 3708 1152 3762 D¹

99 3798 130 3851 12
152 3796 299 3867 relegionis
321 3797 361 3853 D¹
465 3799 497 3853 13
521 3800 683 3869 martirybus
706 3800 735 3855 D
838 3804 937 3855 tetrum
956 3801 1015 3855 DX
1116 3802 1219 3857 malicie

98 3891 136 3945 D¹
243 3892 277 3946 14
300 3893 367 3947 mosi
388 3894 426 3949 W
454 3908 549 3963 moysee
572 3893 603 3947 X
705 3896 738 3949 15
761 3899 789 3948 et
805 3895 898 3964 proph.
915 3895 957 3949 D²
985 3899 1066 3965 atquc
1082 3896 1219 3966 prophetis

100 3986 146 4040 Xe
233 3988 267 4043 18
284 3988 405 4056 proiectu
423 3987 454 4041 D
537 3988 571 4041 20
589 3987 756 4043 laborassent
772 3990 867 4045 D¹W:
893 3990 1039 4044 laborasset
1055 3991 1151 4048 D²Xo

100 4081 205 4147 quantis
231 4080 332 4135 DWX
358 4079 421 4147 (scd
447 4080 476 4134 D
501 4082 533 4136 in
558 4098 613 4137 ros.
640 4099 674 4135 m.
692 4086 723 4148 2)
764 4087 892 4152 quantum
919 4102 936 4139 c
1055 4084 1218 4140 discritiouis

103 4172 143 4225 W¹
246 4176 276 4229 21
302 4174 399 4229 haberi
421 4174 460 4229 W
559 4190 632 4229 casos
656 4176 696 4229 D¹
798 4178 964 4231 sternata
986 4177 1016 4231 D
1118 4178 1151 4232 23
1172 4178 1218 4233 ab·

100 4268 212 4339 mdcqm
231 4270 280 4325 W:
311 4267 527 4337 abundandeque
546 4269 607 4337 (dau
625 4269 679 4326 dci.
696 4286 730 4324 rra
749 4273 776 4339 1)
794 4272 824 4324 Χ
852 4270 955 4325 abunde
977 4272 1029 4326 Do
1127 4273 1218 4326 discri-

100 4362 187 4417 tionem
211 4366 256 4421 W¹
