3009 5200
300 437 365 504 364
694 433 861 490 Iohannis
877 431 1036 486 Cassiani

302 627 355 692 acl
384 625 496 710 magni
517 624 715 709 intellegitur
738 622 891 708 propheta
911 622 1037 704 liniue,
1060 621 1090 686 ai
1109 621 1174 687 alio
1194 620 1296 686 cornia
1315 618 1435 684 mecon

273 731 356 795 2nsl
383 731 422 796 clo
450 730 523 795 aliis
550 729 694 811 operlbm
716 727 768 792 (ld
786 725 866 792 hacc
892 727 1109 808 pronuntians
1130 722 1285 788 «edam.
1322 721 1437 787 nullus

303 834 419 900 etenim
441 836 489 898 eut
510 831 684 908 hominnm,
708 829 765 912 qui
784 829 867 894 mira
887 845 955 892 case
975 843 1074 908 opera
1093 825 1146 890 lei
1166 824 1437 907 et'ammipsius

303 937 461 1002 maturas
488 931 704 1018 magnitudine
731 947 796 996 non
823 931 982 1014 agam
1018 931 1158 994 catorum
1189 928 1256 1006 illa,
1288 946 1370 1011 quae
1398 929 1437 992 in

302 1039 419 1106 nuens
447 1037 514 1102 suis
536 1035 692 1102 cotidiana
711 1032 893 1116 operatione
914 1031 1077 1114 dispmsat
1095 1050 1134 1097 ac
1153 1031 1284 1115 speciali
1302 1031 1477 1096 muniti-s

304 1143 407 1209 centia
433 1141 586 1208 alueum
612 1137 756 1216 affundit,
782 1136 890 1203 nullus
918 1135 1002 1201 alins
1029 1136 1093 1200 n‘ni
1113 1136 1221 1200 mima
1240 1134 1438 1217 perfruentis

304 1244 458 1328 agnuam,
479 1261 560 1326 quas
579 1243 614 1306 in
634 1241 755 1306 cameto
776 1239 982 1306 mutina
995 1257 1071 1304 suae
1084 1239 1133 1303 ita
1146 1245 1196 1303 eat
1210 1237 1438 1304 teneuoemm

303 1349 370 1414 aius
393 1346 515 1412 arbitra
535 1344 713 1428 ungulana
735 1349 772 1409 ut
793 1363 832 1409 ea
852 1361 916 1408 non
943 1343 1046 1408 solum
1067 1342 1156 1407 nullo
1169 1343 1278 1408 ualeat
1290 1358 1438 1406 sermone

304 1451 468 1528 Maera,
495 1451 549 1516 secl
576 1466 617 1514 aa
637 1465 730 1513 scnsn
757 1447 884 1530 qnidam
904 1451 938 1512 ot
960 1445 1152 1528 cogitatione
1173 1445 1338 1528 conplecti,
1360 1463 1435 1510 cum

304 1553 345 1620 ab
362 1553 418 1620 illo
440 1553 543 1636 ignito
564 1551 687 1618 feruore
712 1550 875 1617 &wedam
894 1552 935 1616 all
956 1551 1035 1615 istoc
1048 1549 1228 1614 materiales
1242 1566 1280 1613 ac
1292 1550 1438 1613 terrama
1447 1569 1477 1610 ιο

274 1656 440 1724 tiatuitns
468 1655 568 1722 fuerit
595 1655 753 1720 deuoluta
790 1653 862 1736 quis
890 1653 976 1718 enim
997 1653 1033 1717 in
1053 1672 1088 1718 ss
1109 1671 1205 1734 opera
1231 1652 1350 1717 domini
1371 1671 1439 1717 non

304 1760 448 1844 mnctur,
477 1776 551 1824 cum
580 1757 794 1824 insatiabilem
819 1758 941 1822 umtris
963 1757 1141 1841 ingluuiem
1162 1757 1196 1820 et
1216 1757 1439 1838 sumptuosam

305 1865 398 1949 gulae
425 1863 696 1947 perniciosamque
723 1862 882 1927 luxuriam
908 1863 957 1927 ita
981 1864 1015 1927 in
1041 1879 1076 1926 se
1102 1860 1219 1926 uiderit
1242 1859 1340 1925 fuisse
1361 1877 1440 1924 con·

305 1985 455 2050 pressam,
490 1967 527 2030 ut
554 1968 606 2032 uix
633 1967 737 2048 ipsam
770 1965 919 2050 exiguam
947 1983 985 2030 ac
1011 1965 1204 2030 ιιΗίεείιιιιηι
1232 1963 1338 2029 cibum
1365 1979 1440 2027 raro

305 2070 488 2153 insitusque
510 2070 687 2152 percipiet?
708 2071 780 2153 quis
800 2085 864 2134 non
877 2069 1074 2152 obstupescat
1088 2066 1256 2151 openadei,
1270 2067 1326 2150 qui
1339 2065 1440 2131 illum
1450 2089 1478 2131 n

307 2295 375 2344 csse
397 2275 552 2353 meac
573 2275 622 2342 ita
642 2275 801 2342 refrixisse
822 2275 1021 2360 pemcnsorit,
1039 2279 1077 2340 ut
1096 2293 1138 2340 ne
1156 2274 1294 2358 simplici
1307 2273 1439 2357 quicum

305 2399 339 2446 se
367 2380 506 2465 corporis
539 2381 629 2446 motu
661 2379 780 2446 sentiat
812 2379 963 2444 incitari?
999 2379 1153 2463 quomedo
1185 2395 1250 2444 uon
1282 2378 1441 2443 uirtutem

305 2483 425 2550 domini
454 2484 688 2568 contremescat,
718 2481 852 2567 quincue
878 2482 1023 2548 homiues
1049 2482 1207 2566 quondam
1233 2479 1318 2545 dnos
1339 2483 1439 2564 atque

306 2587 510 2665 truculentos,
534 2588 587 2670 qui
609 2585 648 2650 ad
672 2605 832 2652 summum
860 2584 1040 2652 nocentiae
1066 2584 1203 2650 furorem
1225 2585 1322 2650 etam
1343 2583 1477 2650 blan-ao

307 2690 445 2759 dissimis
467 2689 667 2757 subditorum
688 2689 902 2755 incitabantur
922 2688 1092 2773 obsequiis,
1112 2691 1154 2755 all
1174 2690 1298 2755 tautam
1318 2688 1440 2755 uiderit

307 2794 457 2863 transisse
486 2794 661 2869 lenitatem,
688 2794 726 2859 ut
755 2810 818 2859 uon
846 2794 949 2859 solnm
975 2792 1075 2859 nullia
1101 2790 1168 2857 mm
1191 2793 1440 2859 conmoueantur

307 2896 441 2979 iniuriis,
463 2895 518 2961 sed
541 2896 637 2962 etiam
659 2913 732 2967 cum
754 2895 875 2964 wass
895 2894 1014 2961 neunt
1034 2912 1160 2963 summa
1172 2893 1440 2979 magnanimitate

276 2998 548 3082 4coagaudeauti
574 2997 644 3081 qun
672 2998 764 3081 plane
790 3017 854 3070 noc
873 2999 1009 3066 miretur
1030 3014 1126 3080 opera
1145 2998 1196 3067 cei
1216 3014 1254 3064 ac
1276 2997 1343 3063 teto
1365 3016 1438 3083 pro

308 3101 424 3167 clamet
455 3100 584 3167 affectu:
618 3100 710 3183 quie
740 3117 809 3184 epo
841 3099 1012 3183 cognoui
1043 3099 1143 3185 quod
1175 3118 1341 3184 magnus
1374 3103 1476 3165 esta

307 3202 503 3283 domiuus,
536 3220 608 3269 cum
636 3202 689 3267 uel
709 3221 744 3269 se
765 3203 819 3271 ael
841 3202 942 3274 aliona
969 3204 1149 3289 qnempiam
1171 3222 1208 3271 ex
1228 3203 1437 3287 rapacissimo

307 3306 478 3385 tterelem,
508 3324 544 3371 en
570 3306 699 3390 prodigo
730 3306 956 3386 metuentem,
983 3326 1022 3375 cx
1047 3308 1182 3391 superbo
1209 3306 1372 3385 humilem,
1400 3326 1438 3373 or

409 3500 506 3559 acne.
525 3502 618 3568 luas

361 3685 373 3738 l
393 3683 446 3753 uel]
464 3699 513 3740 nec
529 3684 610 3741 Hoc
700 3686 876 3756 intellegetur
893 3687 935 3739 Σε
960 3685 997 3753 of.
1015 3684 1107 3753 1111,
1124 3686 1168 3751 12,
1185 3688 1203 3738 1
1219 3686 1281 3739 ct&
1366 3682 1439 3752 prol.

307 3770 336 3823 Π
419 3768 564 3826 boottl'
647 3770 879 3826 tallluenturlP
905 3770 1126 3827 affluenterll’t'
1213 3767 1369 3824 teamlIO

309 3854 342 3909 10
359 3854 519 3910 descendens
538 3858 584 3921 (ccc
601 3855 770 3924 discendam
786 3859 812 3909 Τ
826 3863 853 3912 ct
866 3856 893 3910 0
987 3860 1113 3911 terrem
1129 3855 1170 3907 11¹
1267 3854 1299 3908 ll
1317 3854 1438 3908 intuitos

309 3940 334 3993 Ο
412 3940 536 3995 desolata
553 3941 586 3993 ‘1¹
670 3943 703 3997 lc
721 3943 801 4012 gylac
812 3944 841 3995 Σ
866 3941 980 4013 gnileO
1059 3942 1156 4011 pernit.
1167 3942 1228 3993 ΠῬ
1305 3940 1438 3993 luxoriam

308 4027 337 4079 Π
428 4030 461 4081 15
478 4028 535 4097 qni]
553 4042 614 4081 cum
625 4030 651 4080 Y
738 4031 771 4084 16
788 4032 852 4084 ante
863 4029 918 4083 ΤΟ
1002 4044 1034 4083 ac
1050 4027 1131 4084 nelacl
1142 4030 1168 4079 Τ
1253 4027 1283 4081 ll
1300 4024 1439 4095 nnigiree

309 4112 334 4165 0
438 4114 470 4167 12
497 4116 685 4169 contremiscat
711 4116 742 4168 Π
849 4116 937 4184 quisq.
963 4130 1023 4169 cum
1050 4117 1077 4168 2*
1099 4115 1158 4184 (eccl
1182 4130 1208 4184 q.
1235 4128 1296 4167 cum
1322 4114 1355 4166 ies
1380 4128 1439 4165 roe.

308 4214 342 4251 aa
359 4200 391 4265 2)
410 4205 470 4255 cto
568 4200 677 4255 condam
695 4202 722 4254 0
819 4202 855 4254 20
872 4201 1042 4255 truculentus
1059 4202 1099 4253 ΠΙ
1195 4200 1230 4253 21
1248 4198 1440 4252 inritabuntur

309 4283 348 4335 ΠΙ
450 4285 485 4339 22
502 4287 632 4340 transisse
649 4287 751 4341 uiderit
768 4286 871 4341 ΠῬΟυ
973 4302 1106 4342 common.
1124 4286 1204 4341 nno
1223 4288 1265 4352 (in
1282 4286 1311 4337 Σ
1327 4286 1441 4340 litterae

308 4386 355 4425 nro
372 4372 429 4425 iam
445 4387 504 4427 noo
521 4372 663 4443 tepenter)
768 4372 802 4427 24
818 4373 986 4442 congaudeat
1002 4374 1033 4424 Π
