3009 5200
501 453 659 511 conlatio
676 453 730 520 111,
749 453 824 524 1-4,
1181 454 1224 520 69

98 646 285 711 necessitate
322 647 417 727 atque
453 643 557 726 iuopia
591 643 658 708 nuti
697 643 880 725 educatique
918 643 991 708 snut
1023 641 1221 724 sustinerent,

98 745 313 830 respondimus
347 763 403 813 nos
437 746 477 811 ob
509 745 540 812 id
575 745 614 810 ad
648 747 715 812 eius
747 747 924 812 doobinnm
949 764 986 811 oe
1007 744 1257 829 magisteriumt

98 849 280 927 tetendisse,
308 853 349 915 ut
376 849 465 916 intui
494 849 691 931 aliquatenus
721 851 805 915 tanti
826 849 890 914 uiri
911 845 1164 914 institutionibus
1186 864 1224 914 no

97 953 289 1036 perientioue
306 968 479 1036 possemne,
503 963 596 1036 quem
615 951 784 1018 innumeris
799 952 992 1017 documentis
1008 951 1107 1017 inesse
1122 950 1221 1017 eidem

77 1073 303 1134 esenoerumus
337 1073 401 1120 uon
435 1057 472 1119 ut
504 1055 579 1120 ullis
613 1071 692 1136 qnae
724 1054 894 1120 tamenin
921 1051 1225 1119 uobisnunesoent

97 1157 241 1224 leudibus
263 1176 469 1242 muneremur
484 1157 539 1222 aut
553 1156 687 1223 elatione
709 1157 816 1236 animi,
840 1175 901 1240 qua
922 1157 954 1221 in
973 1156 1090 1222 nostris
1103 1173 1224 1239 quoque

96 1261 217 1327 sellulis
240 1277 476 1343 nonnumquam
497 1259 697 1344 suggestione
727 1260 936 1326 titillabamur
962 1257 1095 1344 inimici,
1125 1259 1224 1342 ipsius

95 1381 215 1447 quoqne
245 1363 444 1428 sermon-ibus
469 1361 662 1430 inflaremur.
700 1362 901 1446 quamobrem
930 1361 987 1426 illa
1009 1359 1100 1427 uobis
1120 1360 1224 1444 potius

96 1469 302 1550 pronubamur
323 1465 459 1544 infundi,
482 1465 595 1548 quibus
615 1464 773 1550 eonpungi
794 1464 846 1530 nel
867 1463 1039 1548 humiliari,
1068 1481 1130 1528 uon
1152 1463 1224 1546 qui·

67 1571 151 1640 obus
168 1569 333 1636 nobismet
353 1569 432 1651 ipsis
454 1567 588 1634 blandiri
611 1567 780 1651 extollique
800 1585 969 1650 possemus.

135 1689 196 1756 111.
224 1684 308 1754 Turn
326 1687 437 1754 beatus
459 1702 665 1755 possvmvs:
690 1687 775 1766 ures,
799 1688 912 1772 inquit,
934 1686 1132 1754 notationum
1150 1689 1226 1752 suut

97 1795 229 1870 ordines,
265 1798 331 1859 tres
365 1811 484 1875 quoque
512 1793 759 1858 renuntiationes
788 1791 939 1858 monacho
969 1791 1003 1856 iu
1032 1806 1225 1873 quorumque

97 1895 271 1960 noostionis
295 1894 402 1960 ordine
426 1891 597 1960 eoust'tuto
619 1892 809 1959 necessarias
824 1891 1011 1959 mouerimus.
1042 1895 1073 1958 et
1090 1895 1225 1978 primam

97 1997 221 2080 quidem
257 2011 384 2062 eausam
418 2013 479 2078 qua
511 1998 574 2060 tres
608 2013 675 2061 esse
706 1995 906 2061 uenationum
939 1995 1061 2061 ordines
1089 1997 1225 2062 diximus

68 2103 218 2183 reportet
241 2117 299 2164 uos
323 2097 493 2182 diligenter
521 2099 684 2181 inquirere,
714 2099 752 2162 ut
774 2115 844 2163 eum
867 2099 1085 2182 sguonerimus
1108 2116 1163 2164 nos
1186 2099 1225 2165 ad

97 2203 142 2268 dei
173 2203 299 2267 uultum
330 2202 431 2284 primo
461 2202 559 2286 mdo
591 2202 764 2268 uenationis
796 2201 942 2283 adscitos,
965 2198 1135 2267 seeundum
1159 2201 1225 2267 eius

97 2305 326 2370 sublimitatem
372 2303 616 2369 oonuersstionis
661 2321 783 2386 quoque
825 2309 949 2369 nostroe
992 2304 1224 2387 congruentium

96 2411 319 2491 temperemus.
359 2405 442 2471 nihil
480 2409 562 2470 enirn
601 2407 738 2488 proderit
771 2405 951 2471 sublimiter
985 2406 1159 2489 iu'eboasse,
1198 2407 1225 2473 si

97 2511 229 2576 similem
262 2507 423 2591 principiis
453 2522 513 2574 uon
544 2507 775 2574 exhibuerimus
798 2514 830 2574 ot
850 2509 955 2574 finem.
995 2508 1103 2592 quodsi
1129 2509 1257 2576 enemo
1327 2570 1331 2576 .

67 2614 207 2682 nultimo
244 2612 353 2678 ordine
387 2619 443 2676 nos
476 2630 495 2676 a
528 2612 761 2678 eouuersutione
789 2612 910 2677 'emenii
943 2613 1096 2678 extractos
1129 2612 1225 2679 luisse

98 2716 326 2801 eognoseimus,
357 2716 473 2797 quanto
503 2714 607 2780 miuus
630 2715 781 2798 probabili
804 2714 842 2780 ad
865 2713 1048 2800 religionem
1071 2714 1224 2800 prindein

98 2822 242 2885 uidemur
271 2816 378 2896 inniti,
406 2818 496 2882 tauto
518 2819 621 2883 aerius
641 2818 765 2883 uosmet
787 2818 868 2901 ipsos
890 2819 929 2884 ad
951 2816 1112 2885 meliorem
1130 2812 1226 2883 finem

97 2922 236 3005 spiritali
271 2922 393 2986 ieruone
426 2922 557 2986 innitare
580 2937 732 2989 curemus.
770 2922 935 2987 seeundum
958 2939 1077 3006 qnoque
1100 2927 1226 2991 aemam

96 3028 197 3091 trinae
233 3022 513 3090 abrenuntiationis
546 3022 732 3090 omnimodis
763 3043 852 3091 nosse
880 3041 936 3091 nos
966 3025 1119 3104 conuenit,
1154 3024 1227 3108 qnia

69 3128 184 3199 snulle
217 3126 313 3193 modo
344 3127 569 3209 perlectionem
602 3127 772 3211 poterimus
803 3126 974 3212 adtingere,
1012 3128 1040 3192 sl
1074 3145 1141 3193 eom
1174 3128 1226 3192 uel

97 3231 346 3314 ignoraberimus
382 3228 434 3294 uel
468 3230 597 3295 edentes
633 3247 694 3295 uou
731 3228 982 3296 contenderimus
1024 3245 1115 3315 opere
1153 3246 1226 3295 eou-

98 3349 268 3397 summare.

140 3452 219 3520 ilIL
247 3451 290 3518 Vt
312 3451 409 3537 igitur
430 3456 493 3519 tras
515 3451 548 3518 bi
569 3450 768 3519 uenationum
784 3451 869 3518 modi
885 3452 1011 3536 speeiali
1027 3450 1227 3519 distinetione

99 3556 289 3639 pandentur,
312 3556 432 3640 primns
454 3574 489 3621 ex
509 3556 567 3620 deo
589 3556 649 3632 est,
672 3556 824 3621 seeuudus
847 3556 1089 3639 putaminum,
1111 3553 1227 3621 tertius

154 3860 278 3930 latique
301 3858 370 3917 1>¹0
471 3858 625 3929 edouthue
648 3840 760 3915 D‘WO
859 3864 923 3928 pest
941 3856 1106 3914 sustinerent
1123 3858 1155 3913 o'a
1172 3857 1229 3913 Do

102 3962 161 4016 cap.
179 3950 199 4001 2
218 3946 318 4015 irrepit
415 3942 674 4000 tinstitutionebbs
690 3937 732 4000 Ὧι
825 3928 995 4016 bpoosimuo
1013 3922 1162 3999 D'WPX

102 4032 183 4087 udam
204 4032 292 4087 inesse
309 4032 339 4087 D
437 4030 535 4089 bullis
552 4019 693 4086 DWOP':
722 4025 806 4085 ullius
824 4027 856 4084 X
882 4028 993 4085 illinon
1085 4026 1229 4099 bquoque

102 4134 151 4173 ons
171 4110 211 4173 W
304 4118 338 4173 10
355 4112 536 4172 111111111ποῦι
628 4114 761 4185 possimus
778 4110 920 4171 D¹WPX
1013 4117 1043 4171 ll
1058 4112 1229 4185 'papnuntius

103 4204 130 4259 P
212 4203 306 4275 inquld
327 4204 394 4260 WP
452 4200 673 4281 ¹tornationisO
752 4186 788 4256 ’13
806 4202 956 4257 uoontiolres
974 4196 1016 4256 D*
1103 4203 1135 4256 16
1153 4203 1230 4257 uultu

107 4292 141 4345 W
241 4290 274 4345 18
301 4293 424 4344 incoasse
450 4286 505 4344 bo
606 4286 639 4341 21
667 4286 828 4357 relegionem
854 4275 912 4343 PX
1012 4288 1047 4343 16
1073 4303 1231 4343 consumare

103 4376 197 4432 DWP
295 4376 331 4431 28
349 4375 381 4429 hi
400 4374 496 4429 orb-O
