3009 5200
232 431 276 498 60
627 427 794 485 Iohannis
818 425 977 482 Cassiani

242 618 386 685 stitiae
402 635 497 700 qnae
514 637 533 682 a
550 616 701 683 dextris
723 618 816 685 snut
834 622 873 683 et
890 636 910 684 a
925 617 1108 684 sinistris
1122 617 1206 684 reete
1220 613 1362 680 modera-

241 722 327 786 mine
338 719 562 786 transeundum
578 720 627 784 est
637 721 670 784 et
679 720 819 786 itainter
829 721 976 802 numque
985 719 1166 785 nimietates
1177 715 1362 784 diseretione

240 824 422 889 moderante
449 820 663 904 gradiendum.
693 823 730 887 ut
750 840 807 887 neo
826 841 846 888 a
867 821 984 889 tradito
1005 820 1213 889 motinentiae
1235 818 1363 884 tramite

241 943 297 992 nos
319 926 553 1009 adaneseamus
575 923 687 990 abduei
709 933 767 989 neo
782 943 909 991 rursum
922 924 1105 992 remissionis
1117 923 1208 990 nome
1222 923 1256 988 iu
1271 920 1363 1006 guise

242 1029 422 1112 neutrisque
444 1026 599 1093 desideria
620 1027 830 1094 considemus.
1387 1050 1404 1093 s

284 1147 388 1213 XVII.
421 1147 546 1212 Etenim
579 1147 708 1213 memini
735 1165 787 1212 me
815 1147 993 1230 frequentor
1020 1147 1067 1212 ita
1093 1145 1268 1230 adpetitum
1296 1144 1362 1211 eibi

243 1251 369 1335 penitus
390 1252 554 1332 respuisse,
576 1250 613 1314 nt
634 1250 752 1315 duobus
774 1249 882 1316 diebus
904 1267 942 1316 ao
962 1249 1065 1316 tribus
1082 1248 1249 1316 retentione
1261 1247 1363 1314 dilata

244 1371 283 1419 ne
304 1353 454 1420 memoria
475 1352 598 1435 quidem
614 1352 711 1418 ulline
724 1353 821 1418 edulii
834 1371 938 1420 meam
951 1353 1201 1436 interpellauerit
1214 1353 1363 1427 mentam,

243 1461 276 1522 et
301 1474 424 1522 rursum
450 1453 491 1520 ab
523 1453 619 1520 oeulIs
645 1456 724 1520 mab
751 1457 799 1520 ite
824 1474 967 1524 somnum
996 1454 1112 1521 diaboli
1140 1455 1364 1540 inpugnatione

244 1557 449 1638 subtractum,
480 1557 516 1622 nt
547 1557 653 1639 plnres
680 1561 786 1623 nonies
812 1574 849 1623 an
877 1558 944 1623 dies
970 1557 1134 1640 paululum
1161 1559 1236 1641 quid
1262 1557 1364 1623 somni
1374 1583 1407 1624 ιο

242 1662 320 1728 meis
343 1658 441 1726 oeulis
463 1675 482 1724 a
504 1657 628 1724 domino
650 1677 792 1742 pmoarer
810 1660 942 1744 Intendi,
968 1660 1157 1745 gmmusqne
1170 1679 1222 1726 me
1236 1659 1362 1745 perieti-

242 1765 346 1829 tatnm
372 1761 473 1828 somni
499 1760 620 1846 sibique
647 1761 772 1829 fastidio
799 1781 894 1846 quam
922 1766 1039 1846 soporis
1068 1767 1101 1831 et
1124 1764 1364 1848 gastrimargiae

211 1865 472 1933 Inonlnetatione
495 1867 641 1948 persensi.
678 1866 783 1949 itaque
804 1867 886 1932 dent
907 1867 1117 1935 destinandum
1138 1868 1226 1935 nobis
1241 1869 1300 1944 est,
1322 1885 1363 1930 ne

243 1967 384 2051 mentitu
400 1985 562 2050 corporeae
572 1968 741 2052 uoluptatis
751 1969 787 2033 in
796 1967 1035 2036 dissolutionem
1046 1969 1171 2038 noxiam
1180 1969 1365 2036 delabimur

243 2072 276 2137 et
303 2073 376 2136 ante
403 2070 625 2154 praestitutum
652 2075 775 2153 empus
802 2072 854 2138 nel
881 2072 950 2139 oibo
977 2073 1139 2157 indulgere
1160 2073 1214 2140 uel
1235 2073 1365 2138 modum
1376 2096 1406 2138 re

242 2177 309 2241 eius
331 2175 473 2240 eroedsre
495 2192 737 2257 praesumamus,
759 2175 807 2240 ita
823 2179 855 2241 et
869 2194 957 2242 essee
969 2177 1131 2260 somnique
1144 2175 1272 2242 retentio
1287 2173 1365 2238 hora

243 2275 395 2362 legitima,
417 2275 514 2342 etiam
536 2277 563 2342 si
584 2276 718 2356 horreat,
740 2278 918 2362 ingerenda.
954 2281 1123 2363 utrumque
1144 2278 1230 2346 enim
1243 2277 1364 2344 bellum

242 2379 411 2446 aduersarii
432 2378 568 2445 oenone
589 2381 745 2465 oonsnrgit
760 2382 792 2445 et
805 2381 1005 2464 pernioIosins
1018 2381 1210 2450 eontinentia
1223 2380 1364 2448 inmode-

242 2485 312 2549 rats
340 2499 434 2565 quam
461 2481 610 2550 arunas
637 2483 769 2550 remissa
790 2483 986 2567 subplantat
1023 2485 1064 2550 ab
1087 2484 1146 2552 bae
1167 2502 1301 2567 namque
1322 2483 1364 2548 ad

243 2602 420 2652 mensnram
441 2582 644 2651 disin‘etionis
665 2584 877 2653 intercedente
898 2587 1031 2655 salntan
1052 2586 1278 2672 oonpnnotions
1291 2604 1405 2653 oon-so

241 2688 346 2754 soendi
368 2690 479 2771 petest,
501 2689 541 2755 ab
562 2688 621 2756 ills
641 2707 702 2755 non
723 2691 836 2774 potest.

284 2808 405 2875 XVIII.
440 2825 639 2875 onmes:
675 2807 752 2888 Quis
787 2812 886 2895 igitur
921 2812 969 2877 est
1000 2809 1206 2879 continentiae
1241 2812 1362 2895 modus,

242 2930 336 2995 quom
358 2928 453 2994 aequo
475 2912 685 2979 moderamine
705 2912 874 2979 retinentes
891 2914 974 2979 inter
989 2918 1154 2997 numque
1168 2915 1364 2980 nImietntem

241 3012 351 3079 inlaesi
373 3016 507 3081 transire
527 3016 703 3100 possimus?

284 3132 421 3200 xvnlr.
433 3150 581 3202 moreest
594 3132 763 3221 superbae
773 3156 807 3203 re
817 3139 900 3205 inter
910 3138 1044 3205 maiores
1055 3140 1176 3205 nosnos
1187 3140 1364 3223 dsqnenter
1373 3167 1403 3207 as

241 3236 543 3313 nouimue'babitnm
558 3238 653 3305 druse
664 3242 843 3307 tractatum.
867 3261 939 3307 nam
950 3243 1147 3310 discutientes
1158 3243 1363 3309 continentias

243 3338 446 3420 diuersmum,
476 3342 529 3424 qni
556 3342 607 3407 nel
635 3340 710 3408 selis
738 3342 947 3428 leguminibus
974 3345 1024 3410 uel
1052 3344 1212 3410 holeribus
1237 3349 1364 3412 tantum

294 3593 552 3669 reclusoriam
580 3594 681 3651 derteir
699 3602 726 3651 et
749 3596 871 3652 sinistri:
897 3598 920 3653 0
1021 3598 1038 3651 2
1060 3597 1245 3655 discretionem
1264 3596 1296 3652 D

241 3681 259 3734 3
282 3695 336 3736 as.
355 3680 373 3735 1.
396 3680 426 3734 D
527 3680 710 3736 tramisisse
734 3681 765 3736 D
866 3683 939 3753 guile
966 3682 989 3738 0
1090 3684 1125 3739 nd
1149 3685 1230 3754 gulae
1251 3686 1284 3740 iss
1306 3701 1365 3743 res.

242 3783 276 3822 ea
293 3766 358 3823 21)
458 3767 475 3823 5
498 3768 670 3826 consedemus
692 3769 776 3826 DW¹
877 3770 989 3823 deterd
1010 3768 1041 3823 D
1142 3770 1251 3825 billius
1272 3771 1296 3826 0

243 3854 368 3907 9rnrens
386 3851 436 3908 Xe
539 3853 573 3908 10
594 3866 717 3914 somnum
739 3853 778 3910 W
878 3855 911 3909 ln
928 3853 1039 3925 oybiqne
1056 3856 1086 3909 D
1189 3857 1365 3927 reserpendi

242 3953 278 3993 ex
294 3939 414 4008 perpensi
437 3937 460 3993 0
553 3939 584 3992 14
601 3938 751 3993 delabimur
767 3938 808 3993 D¹
834 3938 985 3993 dilabamur
1003 3940 1065 3995 X'o
1156 3942 1188 3997 15
1205 3943 1366 4011 praestItum

243 4024 273 4079 D
374 4023 440 4093 cybo
463 4024 493 4078 D
596 4026 628 4079 16
651 4041 840 4093 praesumentes
861 4024 891 4080 D
993 4024 1026 4081 17
1048 4030 1133 4082 orreat
1158 4026 1181 4082 O
1283 4028 1315 4084 19
1333 4044 1365 4084 ao

245 4126 283 4183 w
385 4127 689 4185 andernensem
791 4128 963 4183 reomaense
988 4129 1030 4184 o·
1131 4130 1166 4186 es
1191 4102 1278 4185 moise
1302 4130 1366 4185 rex

242 4245 326 4285 moses
348 4230 412 4287 WO
508 4217 578 4317 hano
594 4232 624 4287 D
721 4250 751 4288 ae
773 4232 848 4290 W¹0
945 4233 1015 4289 inter
1032 4251 1082 4289 om.
1103 4234 1142 4291 W
1236 4235 1270 4289 at
1287 4235 1366 4305 legu-

242 4333 364 4391 menibns
385 4336 424 4393 W
524 4335 640 4392 oleribus
662 4336 715 4395 ΟΧ
