3009 5200
338 398 403 465 246
731 393 895 451 lobannis
913 392 1071 447 Cassiani

340 590 404 651 tns
427 585 662 649 reuertatur
682 586 729 649 ad
751 583 879 660 deum,
908 582 974 665 qui
1005 580 1117 647 dedit
1144 601 1237 649 eum.
1274 584 1350 666 quid
1370 603 1457 666 aper·

339 688 403 753 tius
429 688 494 753 diei
520 688 624 770 potuit
656 704 750 769 quam
779 688 815 750 ut
844 686 1008 751 materiam
1038 686 1147 763 carnis,
1177 704 1273 768 quam
1299 687 1457 768 puluerem

338 789 525 874 nominauit,
552 792 625 873 qnia
652 790 691 855 de
718 788 854 855 hominis
883 792 1001 855 semine
1031 790 1129 855 sumit
1151 791 1311 856 exordium
1333 791 1457 874 eiusque

339 895 462 959 uidetur
489 892 662 959 ministerio
687 892 846 970 serninuri¹
879 893 967 958 uelut
994 911 1012 958 ο
1040 896 1125 959 terra
1157 898 1316 975 sumptam
1345 894 1457 961 iterum

338 997 454 1063 reuerti
480 998 697 1079 pronuntiaret
725 1000 764 1061 ad
793 1000 918 1072 terram,
945 995 1092 1078 spiritum
1120 1013 1205 1072 uero,
1235 998 1288 1079 qui
1319 1016 1377 1063 non
1404 1017 1486 1080 perr

339 1100 578 1166 eonmirtionem
604 1118 694 1165 serus
725 1100 889 1183 utriusque
922 1103 1098 1182 generatur,
1133 1102 1187 1166 sed
1219 1100 1457 1184 peculiaritate

309 1202 396 1269 4deo
422 1206 487 1269 solo
515 1203 675 1287 tribuitur,
704 1206 743 1267 ad
773 1204 932 1269 auctorem
955 1220 1046 1267 suum
1068 1203 1171 1269 redire
1194 1204 1355 1287 signaret?
1377 1206 1456 1285 quod

339 1305 435 1372 etiam
462 1324 517 1387 per
543 1306 635 1371 illam
655 1307 707 1371 dei
728 1305 986 1384 insufflationem,
1015 1322 1076 1389 qua
1098 1306 1202 1373 Adam
1222 1306 1369 1387 primitus
1392 1309 1458 1373 'ani-

339 1412 450 1489 mauit‚
472 1411 633 1477 euidenter
654 1411 850 1491 exprimitur.
888 1411 993 1493 itaque
1018 1408 1067 1475 his
1089 1410 1278 1477 testimoniis
1294 1409 1456 1475 manifeste

339 1515 514 1598 colligimus
542 1516 662 1597 patrem
690 1514 859 1597 spirituum
889 1514 951 1581 dioi
979 1514 1138 1581 nemiuem
1164 1532 1253 1596 posse
1282 1513 1343 1579 nisi
1368 1513 1458 1577 deum
1467 1538 1487 1579 ιο

340 1617 453 1692 solum,
486 1618 538 1699 qui
572 1634 622 1682 eos
650 1636 688 1683 er
714 1617 813 1683 nihilo
842 1636 912 1683 oum
941 1618 1076 1683 uoluerit
1104 1618 1187 1695 feeit,
1218 1617 1357 1683 homines
1387 1636 1458 1681 uero

340 1720 443 1785 tarnis
466 1724 591 1786 nostrae
613 1726 717 1803 patres
733 1722 949 1787 tantummodo
964 1720 1130 1787 nominari.
1164 1719 1262 1803 igitur
1276 1723 1308 1785 et
1322 1720 1458 1785 diabolus

340 1826 511 1889 seeundum
535 1824 594 1889 boe
615 1824 697 1906 qnod
720 1824 771 1889 uel
793 1824 924 1906 spiritus
946 1824 997 1888 uel
1011 1824 1143 1906 angelus
1157 1823 1205 1889 uel
1223 1823 1323 1888 bonus
1338 1824 1457 1899 oreatus

341 1929 389 1992 eat
410 1931 531 2010 patrem
553 1927 711 1993 neminem
732 1926 846 1992 babuit
870 1926 930 1992 uisi
953 1927 1046 1991 deum
1062 1926 1255 1992 eonditorem
1271 1944 1372 1991 suum.
1407 1925 1458 2007 qui

342 2046 414 2095 eum
435 2031 581 2111 superbia
603 2030 713 2095 sunsei
735 2031 837 2097 elatus
861 2034 893 2095 et
914 2030 1045 2095 dixisset
1067 2031 1099 2095 in
1122 2029 1213 2095 eorde
1234 2048 1306 2095 auo:
1330 2048 1488 2095 aeeon-rr

341 2134 424 2199 dam
447 2152 565 2215 super
585 2132 844 2200 altitudinem
873 2132 1052 2211 nubium,
1082 2150 1147 2197 ero
1168 2133 1323 2199 similis
1346 2133 1458 2197 altis·

341 2237 454 2311 simo,
485 2237 584 2301 faetus
606 2240 653 2301 est
680 2237 813 2303 mendax
835 2240 872 2301 et
893 2236 932 2301 in
954 2236 1132 2301 ueritate
1158 2254 1230 2303 non
1252 2236 1384 2311 stetit,
1407 2234 1458 2299 sed

341 2338 379 2403 de
400 2339 521 2421 proprio
543 2339 701 2421 nequitiae
722 2337 869 2403 thesauro
890 2338 1091 2405 mendatium
1108 2338 1268 2420 proferens
1284 2356 1345 2404 nou
1360 2336 1458 2404 solum

341 2441 484 2520 mendax,
517 2442 570 2506 sed
602 2442 699 2508 etiam
729 2447 819 2525 pater
851 2442 951 2524 ipsius
984 2441 1140 2507 mendatii
1172 2442 1273 2507 faetus
1309 2446 1368 2519 est,
1401 2458 1458 2522 quo

341 2544 494 2612 deitatem
516 2545 635 2611 homini
656 2547 878 2628 repromittens
899 2563 936 2612 ae
964 2548 1084 2612 dicens:
1114 2546 1231 2612 eritis
1261 2544 1365 2610 sieut
1387 2543 1490 2618 dito

341 2649 376 2714 in
397 2651 530 2715 ueritate
553 2667 613 2714 uon
635 2650 735 2729 stetit,
759 2651 814 2716 esd
844 2649 883 2714 ab
906 2649 998 2715 initio
1026 2649 1127 2714 laetus
1151 2649 1201 2714 est
1220 2647 1388 2726 hominida,
1411 2648 1460 2713 uel

343 2752 445 2816 Adam
468 2753 500 2816 in
522 2749 735 2818 conditionem
758 2753 961 2820 mortalitatis
975 2754 1124 2818 inducens
1140 2753 1191 2818 uel
1204 2753 1286 2818 Abel
1300 2751 1459 2834 instigati·

343 2872 400 2920 ona
421 2872 553 2936 suaper
573 2874 702 2921 manum
724 2855 830 2922 fratris
853 2855 1048 2922 interimens.

313 2979 334 3044 5
386 2974 445 3040 Sed
480 2976 543 3039 ism
575 2975 814 3058 disputationem
847 2980 987 3042 nostram
1021 2977 1152 3042 duarum
1188 2975 1287 3040 imme
1323 2974 1458 3040 noctium

344 3078 557 3143 lucubratione
594 3079 763 3144 oontoetam
799 3081 989 3162 subsequens
1021 3097 1135 3145 aurora
1166 3079 1324 3144 eonoludit
1356 3095 1392 3143 ao
1423 3077 1490 3142 den

343 3179 582 3263 protrudissimo
605 3183 819 3263 quaestionum
845 3182 956 3266 pelago
979 3181 1124 3248 cumbam
1140 3181 1322 3248 conlationis
1338 3181 1460 3246 huiusce

343 3284 383 3349 od
403 3284 597 3348 tutissimum
618 3284 738 3349 silentii
760 3288 884 3368 portum
907 3285 1113 3368 conpendium
1134 3289 1256 3350 nostrae
1276 3284 1460 3351 rusticitatis

448 3471 480 3524 ιο
498 3469 569 3522 mar.
589 3470 629 3535 14,
648 3471 682 3524 14
784 3471 816 3524 ιο
834 3471 892 3525 rou.
909 3473 935 3538 e,
951 3471 987 3526 44
1088 3471 1124 3526 so
1140 3470 1205 3526 een.
1223 3472 1283 3538 as

395 3641 410 3695 l
433 3641 628 3697 reuirtuturV
655 3645 807 3698 reuertetur
830 3642 877 3698 W¹
979 3644 1082 3713 3quia
1099 3643 1132 3698 de
1150 3643 1220 3697 PX:
1250 3641 1347 3711 quiade
1367 3643 1393 3695 V
1417 3639 1462 3710 qui

344 3727 376 3780 de
398 3725 469 3784 DlV
497 3743 549 3796 quo
571 3728 604 3783 de
628 3728 651 3784 0
751 3730 770 3783 4
796 3728 918 3784 siminari
945 3730 1019 3785 VW¹
1121 3728 1144 3797 ο]
1162 3731 1190 3782 et
1213 3728 1268 3783 D¹:
1298 3743 1349 3784 om.
1375 3727 1399 3782 0

344 3812 529 3882 dapeeiditer
549 3813 602 3870 ΟΧ
705 3814 795 3870 ‘leole
813 3831 863 3869 om.
880 3815 920 3869 D¹
1018 3813 1156 3870 tribuetur
1177 3814 1211 3870 V¹
1312 3812 1461 3868 diderint

347 3897 375 3952 V
455 3897 596 3952 ttostem.
617 3899 652 3954 V¹
740 3899 773 3953 10
790 3899 948 3970 collegimus
965 3899 1006 3954 D¹
1092 3901 1225 3954 ulmeuem
1246 3899 1273 3954 V
1356 3899 1386 3954 11
1406 3896 1460 3950 uiro

348 3983 375 4038 V
466 3982 499 4038 12
516 3981 642 4038 diabulus
662 3984 714 4039 VP
809 3985 842 4038 13
859 3983 983 4053 angelum
1000 3983 1041 4038 D¹
1137 3984 1170 4038 14
1187 3983 1354 4038 condituram
1376 3981 1402 4036 V

345 4069 378 4124 15
395 4069 483 4124 elatus
501 4068 598 4123 luisset
613 4068 644 4123 D
739 4071 772 4124 16
790 4073 818 4124 et
834 4085 878 4124 ero
899 4070 927 4125 V
1016 4070 1119 4125 simelis
1140 4071 1175 4123 V¹
1272 4070 1304 4124 18
1321 4068 1461 4122 thensauro

348 4155 421 4210 V‘P¹
516 4155 681 4210 mendatium
703 4155 769 4212 VW
862 4156 896 4210 19
913 4155 984 4224 quod
1000 4156 1032 4211 D
1126 4155 1162 4210 20
1177 4157 1356 4224 reprometeue
1376 4155 1402 4208 V

344 4239 394 4294 hae
410 4238 452 4293 D²
536 4240 564 4295 di
586 4241 613 4296 V
694 4241 728 4296 22
745 4243 845 4298 condit
867 4242 906 4298 W
932 4241 1062 4296 ditionem
1077 4241 1163 4309 DtP)
1256 4241 1291 4296 23
1308 4241 1463 4295 interemere

348 4326 383 4380 V¹
486 4325 520 4380 24
537 4324 583 4380 rod
600 4326 682 4412 etiam
700 4326 730 4382 D
