3009 5200
458 447 617 503 Conlatio
641 447 745 514 XXIII,
767 449 843 504 2-4.
1149 453 1211 520 643

91 639 215 722 ualde,
238 638 426 702 etiterum:
458 637 648 702 uniuersa
677 654 774 718 quae
804 637 902 722 feeit
930 639 1025 702 deus
1048 639 1147 704 bona
1168 641 1208 706 in

91 747 257 828 tempore
291 744 383 806 suo?
419 739 495 806 baec
527 741 624 822 Igitur
657 757 735 822 quae
764 740 796 804 in
825 743 983 822 praesenti
1016 758 1077 806 non
1106 744 1239 810 solum3

91 848 167 912 bons
195 845 393 928 simpliciter,
424 862 533 908 uerum
562 843 658 906 etlam
685 859 757 907 cunr
778 843 991 908 additamento
1014 845 1106 908 ualde
1128 845 1209 914 bona

91 949 328 1030 pronuntiantur
353 949 439 1030 (sunt
454 948 535 1012 enim
551 964 672 1010 reuera
693 947 725 1010 in
740 946 800 1010 hoo
812 949 928 1012 mundo
944 951 1208 1016 commorantibus

71 1053 175 1119 euobis
206 1051 323 1118 autad
353 1069 443 1118 usum
472 1050 556 1114 uitae
583 1047 701 1114 autad
724 1050 859 1132 eorporis
882 1051 1070 1116 medicinam
1092 1057 1147 1118 aut
1169 1057 1208 1121 ad

90 1158 224 1240 aliquam
254 1173 381 1220 cansam
402 1153 526 1236 ignotae
548 1151 635 1217 nobis
659 1152 808 1216 utilitatis
831 1153 1031 1218 adcommoda
1053 1154 1103 1220 uel
1125 1161 1207 1238 certe

88 1265 118 1327 in
140 1280 175 1326 eo
197 1263 292 1326 etiam
313 1257 405 1322 ualde
428 1254 517 1332 bona
551 1256 631 1338 quod
654 1255 774 1320 iaciunt
806 1274 863 1320 noe
889 1256 1123 1322 inuisibilia
1145 1259 1206 1325 dei

92 1359 465 1428 acreaturamundi
488 1377 555 1439 per
578 1377 618 1423 ea
640 1377 736 1441 quae
758 1359 978 1424 factasunt
1000 1359 1208 1427 intellecta

89 1466 329 1548 conspicere,
353 1461 637 1543 sempiternam
667 1479 818 1544 quoque
841 1463 1033 1528 uirtutem
1055 1465 1139 1530 eius
1162 1483 1207 1530 ac

58 1567 344 1636 rodininitatem
375 1584 411 1628 er
441 1564 530 1628 tanta
559 1567 684 1646 tamque
715 1564 860 1630 ordinata
888 1565 1049 1632 molitione
1072 1565 1206 1632 fabricae

86 1669 252 1736 mundialis
269 1672 300 1733 et
317 1669 457 1733 omnium
472 1686 550 1749 quae
565 1669 598 1732 in
613 1685 650 1732 ea
664 1671 738 1732 sunt
754 1668 960 1734 subsistentia
975 1671 1205 1754 contemplari),

85 1773 159 1838 haec
189 1778 293 1838 tamen
323 1771 426 1837 omnia
456 1788 512 1834 nec
541 1771 613 1836 boni
644 1789 755 1836 nomen
785 1771 950 1850 tenebunt,
976 1773 1003 1837 si
1026 1773 1131 1838 futuro
1155 1773 1206 1838 illi

85 1875 205 1940 saeculo
234 1876 448 1956 conparentur,
479 1872 533 1936 nbi
562 1873 650 1937 nulla
676 1875 826 1940 bonorum
848 1876 1025 1954 inmutatio,
1050 1876 1135 1941 nulla
1158 1878 1206 1942 eet

85 1995 175 2042 uerae
212 1977 415 2042 beatitudinis
454 1975 648 2042 formidanda
684 1979 849 2059 corruptio.
896 1978 984 2042 cuius
1018 1978 1126 2043 mundi
1161 1977 1236 2045 itae

55 2080 243 2146 rabmtitudo
274 2080 476 2146 describitur:
508 2079 588 2144 erit
616 2081 683 2144 lun
716 2083 833 2146 lunae
858 2083 967 2146 sicut
994 2083 1059 2146 lux
1089 2084 1204 2158 selle,

85 2185 124 2248 et
146 2186 213 2249 lux
228 2183 328 2247 eolis
345 2182 661 2265 septempliciter
676 2182 781 2248 sicut
802 2184 867 2248 lur
882 2186 1028 2266 septem
1044 2185 1204 2250 dierum.

85 2305 199 2370 magna
221 2286 320 2368 igitur
342 2279 416 2350 haec
432 2286 463 2348 et
478 2286 637 2368 praeclara
658 2286 776 2351 iutuitu
792 2290 885 2368 atque
900 2288 1031 2352 mirifica
1045 2288 1073 2352 si
1089 2288 1203 2354 futuris

84 2409 118 2454 er
133 2390 194 2455 fida
208 2388 466 2472 promissionibus
482 2387 689 2464 conserantur,
709 2390 854 2455 continuo
870 2392 994 2456 uanitae
1009 2391 1205 2473 apparebunt

82 2494 205 2558 dicento
228 2493 349 2558 Dauid:
372 2493 498 2556 omnia
519 2495 621 2556 sicut
644 2492 1203 2560 uestimentumueteresoent.

51 2600 120 2665 ieet
150 2596 261 2661 sicut
289 2595 533 2678 opertorium
562 2596 734 2661 mutabis
764 2615 822 2672 aa,
856 2598 892 2660 et
924 2595 1202 2661 mutabuntur:

84 2704 127 2765 tu
158 2701 291 2765 autam
318 2698 421 2763 idem
450 2699 611 2779 ipsese,
641 2698 797 2762 stanni
820 2697 879 2763 tui
904 2718 978 2763 uon
999 2698 1203 2764 deficient

80 2823 152 2889 ergo
176 2802 251 2885 quia
272 2802 352 2867 nihil
375 2805 421 2865 est
444 2802 745 2883 persemetipsum
769 2800 890 2882 stabile,
913 2802 993 2866 nibil
1008 2800 1203 2881 inmutabile,

80 2907 158 2973 nihil
190 2907 304 2972 bonum
334 2904 397 2969 nisi
429 2902 529 2969 deitas
551 2905 628 2984 sola,
651 2904 751 2969 omnis
775 2922 847 2969 uero
870 2909 1021 2987 creatura,
1043 2909 1080 2969 ut
1100 2905 1202 2969 beati-

80 3010 223 3075 tudinem
252 3006 447 3073 aeternitatis
478 3006 529 3071 uel
558 3007 821 3073 inmutabilitatis
850 3008 1020 3086 obtineant,
1054 3027 1115 3073 non
1142 3009 1200 3073 hoc

49 3132 134 3195 asper
164 3131 254 3179 suam
284 3114 437 3188 naturam,
459 3113 511 3176 sed
539 3128 594 3191 per
624 3112 772 3176 creatoris
801 3114 849 3178 sui
873 3110 1148 3194 participationem
1171 3112 1203 3177 et

79 3216 215 3299 gratiam
246 3215 484 3297 consequuntur,
514 3216 618 3279 tencre
648 3214 797 3279 meritum
819 3214 969 3279 bonitatis
992 3214 1123 3279 creatori
1146 3230 1202 3277 suo

79 3322 204 3387 conlata
226 3336 286 3383 non
309 3320 449 3403 possunt

119 3440 197 3504 IIII.
222 3436 339 3517 Quodsi
361 3436 456 3501 etiam
479 3436 744 3502 manifestIoribns
775 3436 875 3501 adbuc
897 3436 1087 3501 testimoniis
1109 3435 1203 3499 huius

78 3542 255 3607 sententiae
277 3540 432 3605 rationem
455 3540 645 3606 uoluerimus
675 3540 845 3619 adstruere,
876 3556 977 3605 nonus
1008 3556 1077 3601 oum
1100 3538 1203 3602 multa

46 3674 70 3714 a
77 3644 274 3727 pronuntiari
303 3646 383 3709 bona
412 3643 446 3707 in
476 3643 638 3727 euangelio
669 3642 846 3724 legemus,
874 3644 906 3705 et
926 3640 1068 3704 arborem
1090 3641 1202 3703 bonam

185 3848 199 3898 1
219 3846 271 3898 sn.
288 3846 330 3909 33,
351 3846 382 3899 ro
401 3844 495 3913 (nnn)
595 3844 610 3897 a
630 3844 705 3897 uem.
725 3844 748 3905 1,
766 3843 801 3896 ao
900 3842 1019 3895 151teai.
1039 3842 1082 3909 ao,
1100 3842 1134 3895 as

79 3932 110 3985 re
130 3930 177 3985 ns.
196 3930 255 3996 ror,
273 3930 375 3984 nr-aa

129 4116 243 4172 bnobis
262 4120 292 4171 ut
311 4116 351 4171 K¹
382 4116 458 4170 nobis
476 4118 516 4171 ait
533 4118 569 4171 Z¹
672 4114 912 4171 badconmodaO
1013 4116 1202 4183 tconepicere

77 4202 149 4258 etO
238 4204 270 4256 11
287 4203 375 4257 omnia
392 4201 423 4256 F
508 4192 540 4255 18
557 4201 806 4270 repromissionibus
822 4200 900 4271 θ’βυ
986 4200 1021 4254 20
1034 4201 1202 4269 oporturium

76 4290 114 4345 B¹
221 4288 255 4343 23
278 4303 369 4341 omnes
393 4304 455 4341 uero
473 4290 609 4342 creaturae
636 4287 701 4356 Οβυ
803 4286 838 4343 26
861 4287 1036 4341 consecuntur
1062 4284 1084 4339 0
1112 4301 1201 4339 conse·

77 4373 232 4445 quentari
333 4372 366 4427 27
386 4372 507 4429 conlatae
524 4372 607 4441 Rue)

1042 4476 1098 4529 41*
1127 4436 1130 4442 ¹
