3009 5200
268 411 335 478 492
662 408 829 465 Iohsnuis
848 408 1008 465 Cussieni

272 604 382 667 erunt:
412 600 461 665 siu
490 599 595 665 sutem
625 600 779 665 umseiter
806 598 1005 682 tremebunt,
1034 598 1196 665 euidenter
1226 602 1402 665 inmutasse

272 702 459 769 munnam
481 702 720 785 oouprobnutur.
756 720 838 784 quse
862 702 973 785 utique
994 720 1058 768 nou
1078 702 1118 767 ob
1132 703 1230 767 ulium
1244 703 1403 768 oredimus

274 824 399 873 ausum
431 808 576 889 spiritum
604 807 750 871 sonetum
777 805 876 871 meris
904 805 1122 871 uoluminibus
1151 805 1314 879 indidisse,
1340 803 1402 869 nisi

274 912 311 975 ut
332 908 406 975 istis
427 908 606 973 erudiamur
627 908 778 991 exemplis
800 908 834 972 in
857 907 1092 973 definitionibus
1116 907 1233 974 nostris
1251 926 1314 973 non
1328 926 1402 990 per·

273 1013 419 1079 immitet
447 1030 638 1097 permonere,
669 1013 724 1078 sed
754 1030 807 1077 eus
836 1012 966 1077 arbitrio
995 1014 1101 1079 nostro
1128 1014 1240 1079 debere
1259 1012 1437 1077 subioores

274 1122 307 1183 et
335 1118 382 1181 itu
409 1114 559 1183 iudicium
581 1117 725 1181 nostrum
747 1116 788 1182 sb
810 1116 898 1181 omni
918 1115 1001 1200 legis
1021 1116 1149 1183 uinenlo
1169 1116 1305 1183 liberum
1326 1134 1402 1183 oon·

273 1236 407 1302 semote,
430 1225 466 1285 ut
487 1222 669 1302 promptum
695 1220 737 1283 sit
757 1219 798 1283 sd
820 1219 1014 1303 sequendum
1029 1237 1226 1303 quoeunque
1240 1219 1403 1285 noeeuerit

274 1321 401 1387 salubre
424 1322 599 1401 eonsilium,
621 1340 678 1388 neo
699 1322 829 1389 differet
848 1327 905 1388 sut
927 1326 1051 1389 recuset
1070 1324 1112 1388 sd
1133 1324 1165 1389 id
1188 1324 1270 1406 quod
1290 1323 1403 1388 utilius

274 1425 422 1493 omniuo
451 1426 597 1491 soluturis
626 1426 785 1492 inuenerit
806 1427 925 1510 ubsque
946 1426 1014 1492 nlla
1034 1428 1235 1493 cunctatione
1257 1425 1400 1491 treusiro

223 1524 266 1589 10
275 1532 309 1594 st
330 1531 367 1595 ut
389 1529 428 1595 sd
451 1528 635 1595 sublimiore
656 1530 757 1595 odhne
779 1529 982 1595 usosndnmus
998 1532 1149 1613 memoli.
1164 1529 1437 1595 deoumbontemso

274 1633 307 1699 iu
328 1633 408 1699 leuto
430 1652 536 1717 regem
558 1632 721 1699 &rethiam
744 1635 896 1717 grauique
922 1632 1118 1715 aegritudine
1143 1633 1341 1698 laborantem
1363 1650 1403 1697 er

275 1751 406 1819 persone
434 1735 484 1799 dei
513 1734 622 1801 usmis
644 1735 795 1817 propheto
819 1736 949 1801 udorsns
970 1739 1019 1802 est
1041 1735 1160 1801 disens:
1183 1736 1278 1800 huso
1297 1735 1403 1801 dioit

274 1838 469 1905 deminus:
492 1837 658 1923 dispone
680 1838 813 1905 domui
835 1844 939 1915 tune,
962 1839 1053 1919 quie
1074 1840 1256 1905 morieris
1278 1842 1337 1912 tn,
1360 1842 1402 1903 et

275 1959 350 2006 non
388 1939 509 2009 uiues.
554 1943 594 2006 et
626 1942 846 2019 conuertit,
882 1941 996 2023 inquit,
1033 1941 1223 2007 Essuuios
1255 1941 1404 2007 {noieuu

275 2062 381 2110 susm
405 2043 449 2110 sd
469 2046 679 2127 perietem,
702 2048 739 2110 ot
762 2045 895 2110 ornuit
916 2047 963 2111 od
985 2043 1201 2120 dominnm,
1223 2050 1261 2109 et
1282 2045 1440 2110 dixitur

275 2148 434 2212 obsecro
456 2147 624 2225 domine,
647 2150 840 2214 memento
861 2147 1401 2230 qusesoqnomodoumtuls·

275 2250 397 2315 nerim
428 2268 552 2317 eorem
583 2254 620 2317 te
648 2254 685 2317 iu
715 2252 909 2329 ueritate,
939 2256 972 2317 et
1001 2252 1042 2316 in
1070 2250 1184 2317 eorde
1208 2251 1402 2333 perfeeto,

275 2355 431 2437 siquod
455 2356 593 2421 bouum
615 2359 675 2421 est
697 2356 735 2421 iu
759 2355 1007 2434 oeulistuis,
1023 2354 1195 2421 fecerim.
1225 2353 1404 2419 etfleuit

274 2456 467 2523 Ezechias
505 2458 612 2525 fletu
648 2476 800 2543 moguo.
845 2463 915 2541 posi
952 2475 1032 2541 quoe
1068 2475 1177 2523 rursus
1212 2456 1330 2524 dieitur
1361 2458 1404 2523 ud

275 2561 422 2628 enudemz
438 2566 659 2640 reuertere,
682 2568 721 2628 et
743 2562 806 2629 die
821 2561 1015 2628 Eueohiso
1030 2560 1440 2644 regilndndieenszo

275 2665 370 2732 haee
399 2666 497 2732 dieii
527 2667 710 2732 domiuus
742 2670 835 2733 deus
859 2665 986 2732 Dauid
1014 2665 1144 2748 putris
1165 2664 1240 2732 tui:
1262 2663 1403 2730 oudini

274 2769 497 2836 erutionom
527 2774 650 2849 tuum,
681 2771 766 2836 uidi
795 2770 1004 2836 luerimsm
1026 2775 1148 2836 tuem:
1171 2770 1209 2836 et
1230 2787 1319 2837 eoos
1340 2769 1402 2835 sd·

274 2873 394 2937 icium
417 2891 532 2955 super
554 2872 638 2938 dies
662 2875 749 2938 tuos
772 2873 998 2956 quindecim
1021 2891 1157 2939 onnes:
1179 2875 1403 2940 etdemuuu

275 2977 382 3058 regis
412 2977 666 3059 Assyriorum
696 2978 879 3044 liberabo
907 2978 961 3058 te,
991 2981 1030 3042 et
1059 2976 1274 3044 oiuitstem
1302 2976 1403 3042 hono

275 3081 482 3161 protegsm
515 3085 678 3163 psopter
712 3098 787 3158 me,
820 3086 857 3145 et
889 3083 1053 3163 propter
1084 3080 1213 3146 Dunid
1245 3098 1437 3146 seruums

225 3179 261 3242 ll
275 3199 409 3246 meum.
447 3183 522 3264 quid
546 3182 722 3248 euidentius
745 3183 804 3250 hoo
825 3185 1016 3263 testimonio,
1039 3201 1100 3266 quo
1122 3181 1351 3248 misericordius
1365 3199 1402 3246 ue

274 3283 401 3367 pietatis
423 3284 543 3351 intuitu
565 3287 686 3350 munuli
709 3285 853 3352 domiuus
875 3305 968 3352 suum
991 3304 1115 3352 cessure
1137 3303 1312 3352 sermonem
1335 3287 1402 3350 ets

275 3389 462 3472 praestituto
492 3389 602 3455 mortis
633 3387 768 3454 termino
798 3389 976 3472 quindecim
1007 3390 1099 3455 nnsis
1121 3391 1222 3455 uitem
1243 3388 1401 3470 preeuntis

287 3649 359 3706 m
378 3566 411 3620 us
435 3565 473 3621 ιν
491 3567 556 3636 ung.
581 3568 622 3634 uo,
648 3569 715 3623 1-e
733 3567 827 3636 (unx)
851 3567 934 3636 (uni.
956 3567 999 3633 es,
1019 3569 1096 3635 1-e)
1199 3567 1235 3621 uo
1256 3569 1275 3621 u.
1292 3581 1315 3620 e
1333 3564 1404 3620 e-o

276 3655 286 3720 (
361 3655 370 3718 )

327 3819 340 3871 1
366 3815 390 3871 si
413 3819 439 3870 'P
539 3817 696 3872 immutusss
718 3819 748 3870 Σ
851 3819 868 3872 2
892 3817 1126 3888 oonprobebsntur
1148 3817 1176 3868 Σ
1279 3817 1297 3870 3
1323 3815 1402 3870 uolo·

275 3901 394 3958 minibus
411 3903 450 3954 Πι
545 3904 716 3960 dsubisoere
733 3906 759 3957 2
851 3905 867 3958 t
886 3907 1018 3973 promtum
1038 3905 1097 3959 ΣΟ
1126 3905 1281 3972 promptum
1298 3903 1334 3954 ’Ν

275 3989 459 4058 quodeumque
476 3991 504 4040 Σ
606 3989 624 4046 8
640 3991 699 4061 sut]
718 3991 769 4045 huo
786 3992 812 4045 0
915 3994 947 4045 11
965 4007 1057 4060 noem
1073 4006 1125 4046 osu.
1143 3991 1169 4042 Y
1269 3987 1302 4042 12
1318 3987 1402 4043 eseiss

273 4077 302 4128 Σ
330 4091 422 4144 esayus
446 4076 471 4129 0
573 4076 678 4144 profete
700 4077 730 4128 Π
834 4077 867 4132 14
888 4076 982 4145 inquid
1001 4078 1027 4131 Ο
1130 4078 1164 4132 15
1179 4075 1215 4129 ed
1232 4080 1299 4130 onte
1315 4073 1403 4129 domi·

272 4177 337 4216 num
355 4177 405 4216 osu.
424 4163 452 4214 Σ
549 4161 584 4216 ud
602 4162 679 4218 deum
699 4163 752 4216 d'O
857 4164 888 4217 17
907 4167 935 4217 et
951 4163 1027 4217 eorde
1044 4165 1087 4218 To
1191 4162 1225 4216 18
1240 4161 1293 4215 ieoi
1310 4163 1337 4214 ‘P

275 4246 308 4300 19
335 4245 396 4301 fleto
421 4248 460 4299 ΠΙ
564 4247 598 4302 22
625 4249 748 4303 lsorinuss
775 4251 838 4303 tuns
863 4249 937 4302 YOr
1038 4249 1073 4302 24
1098 4247 1253 4301 assiriorum
1279 4247 1334 4300 '1⁰0

274 4332 308 4386 27
327 4349 342 4385 n
360 4333 471 4387 ww:
501 4333 534 4388 sd
553 4334 625 4386 ΣΠι
727 4334 763 4390 28
780 4335 955 4401 praestituto·
972 4333 1002 4385 Π
