3009 5200
492 454 653 510 conlatio
676 453 771 521 XIIII,
789 454 814 509 9.
1151 456 1214 525 409

92 644 223 711 minime
251 644 465 727 consequetur.
502 644 569 708 esto
598 659 672 727 ergo
693 646 878 733 peremnia
903 645 1011 711 citus
1034 646 1080 712 ad
1103 646 1214 712 audi·

93 749 245 827 endum,
274 751 416 814 tardus
438 750 570 813 auteur
591 746 637 813 sd
665 748 922 831 loquendum,
953 766 991 815 uc
1013 750 1106 815 cadat
1126 748 1161 813 iu
1183 754 1215 815 te

92 851 173 917 illud
187 852 269 933 qnod
284 852 444 917 notatnra
459 848 640 917 Salomone:
663 851 699 915 si
720 851 872 917 uideris
893 852 1020 918 uirum
1043 852 1215 919 celocem

91 956 132 1019 iu
153 954 309 1038 uerbis,
338 954 441 1020 scito
467 953 557 1037 qula
579 972 684 1037 spem
706 953 847 1020 hebuit
867 954 1067 1037 iusipiens
1090 957 1215 1041 megin

73 1073 215 1141 squam
243 1056 340 1137 ille,
370 1075 427 1123 uec
456 1075 643 1139 quemqnam
671 1057 774 1123 uerbis
802 1058 910 1125 docere
930 1076 1110 1140 prememus
1133 1061 1213 1142 quod

89 1178 182 1243 opere
203 1163 278 1227 aute
298 1178 358 1225 nou
380 1160 502 1227 leceris.
537 1160 621 1226 huno
642 1162 725 1226 onim
747 1178 803 1226 uos
824 1162 961 1226 ordinem
984 1163 1090 1227 mucre
1104 1158 1245 1228 deberet

90 1264 189 1329 etiarn
212 1263 359 1346 exemplis
380 1265 445 1329 suis
467 1262 611 1330 domiuus
635 1266 739 1329 noster
759 1263 910 1344 instituit,
932 1262 970 1328 de
985 1281 1045 1346 qno
1067 1264 1114 1330 ite
1135 1263 1214 1331 dici·

89 1370 159 1431 tur:
191 1384 286 1449 quae
314 1368 446 1449 coepit
466 1364 580 1432 Iesus
610 1365 746 1431 facere
769 1370 807 1431 et
833 1366 981 1433 dooere.
1018 1385 1093 1433 caue
1114 1367 1215 1451 igitur

88 1488 128 1534 ne
163 1474 237 1535 aute
266 1473 373 1535 aetum
401 1468 565 1553 prosiliens
594 1467 633 1535 ad
659 1469 831 1535 docendum
865 1471 899 1534 iu
932 1470 1058 1537 illorum
1085 1478 1214 1537 numero

60 1571 261 1654 udepnterie
299 1573 338 1638 de
373 1572 487 1656 quibus
523 1572 557 1637 iu
594 1571 756 1654 euangelio
792 1573 935 1638 domiuus
972 1573 1011 1638 ed
1047 1572 1214 1655 discipulos

88 1676 248 1758 loquitur:
271 1692 369 1757 quae
392 1676 530 1741 dicunt
551 1674 663 1741 uobis
686 1676 842 1739 seruato
859 1678 896 1739 et
918 1674 1057 1754 facite,
1080 1692 1214 1740 secuu-

89 1780 182 1843 dum
205 1795 324 1861 opere
345 1794 436 1844 uero
458 1795 592 1842 eornm
614 1776 742 1841 nolite
772 1775 917 1841 facere:
949 1778 1088 1843 dicunt
1112 1777 1214 1843 euim

89 1883 128 1946 et
165 1899 239 1947 nou
275 1879 443 1946 faciunt.
486 1880 662 1964 alligant
692 1881 823 1945 antem
856 1898 972 1945 onera
1003 1880 1142 1962 grauia
1175 1882 1215 1945 et

89 1984 362 2069 inportabilia
379 1985 417 2051 et
434 1986 625 2068 inponent
641 2002 683 2049 ea
700 2002 815 2065 super
832 1999 984 2047 umeros
1003 1982 1214 2059 homiuum,

60 2087 171 2169 „ipsi
193 2092 324 2153 antem
347 2088 476 2172 digito
497 2106 563 2153 suo
584 2088 730 2154 nolunt
750 2105 794 2151 ea
814 2104 975 2151 mouere.
1006 2085 1033 2149 si
1056 2085 1139 2149 onim
1161 2085 1214 2149 ille

89 2190 161 2272 qni
195 2208 315 2257 uuum
346 2190 571 2255 mandatnm
601 2190 808 2255 minimum
838 2188 1004 2253 soluens
1034 2186 1215 2253 docuerit

89 2294 147 2359 sic
166 2292 359 2374 homiues,
383 2292 569 2358 minimus
586 2292 795 2358 nocebitur
814 2291 852 2355 iu
870 2308 988 2373 reguo
1007 2290 1213 2373 caelorum,

90 2395 146 2478 qui
162 2396 267 2461 multa
280 2396 312 2459 et
326 2394 446 2459 maiora
460 2395 629 2479 neglegens
644 2393 752 2459 dooere
770 2392 1013 2475 praesumpserit
1027 2408 1214 2475 consequeus

90 2498 233 2582 proiecto
256 2503 303 2563 oet
324 2499 363 2562 et
384 2514 447 2562 uon
469 2496 533 2561 inm
554 2497 705 2561 minimus
733 2498 765 2561 in
788 2513 884 2579 reguo
907 2494 1074 2578 caelorum,
1105 2496 1159 2560 sed
1182 2496 1215 2559 iu

60 2602 254 2687 egchenuao
276 2601 428 2685 supplicio
450 2601 604 2666 maximus
627 2601 785 2666 habeatnr.
815 2601 848 2664 et
870 2597 938 2665 ideo
960 2598 1132 2665 canendum
1156 2597 1245 2667 tibi'l

91 2711 139 2771 est
166 2724 205 2769 ne
234 2704 362 2770 illorum
384 2705 424 2769 ad
446 2706 616 2770 docoudnm
645 2701 784 2767 inciteris
807 2703 966 2784 exemplis,
995 2703 1047 2785 qui
1070 2700 1214 2786 peritiam

91 2807 276 2892 disputandi
298 2815 339 2872 ac·
354 2809 505 2872 sermonis
526 2806 708 2872 afluentiam
729 2805 897 2888 consecuti,
926 2805 999 2888 qnia
1027 2805 1158 2888 possunt
1179 2823 1216 2869 ee

91 2931 173 2995 quae
188 2911 346 2976 nolueriut
361 2913 469 2976 ornate
485 2911 665 2992 copioseque
680 2909 840 2988 disserere,
864 2907 1025 2973 scientiam
1041 2907 1216 2989 spiritalem

91 3014 253 3096 possidere
274 3013 442 3080 medentur
465 3011 505 3078 ab
528 3013 578 3076 his
600 3013 654 3094 qni
676 3013 743 3077 uim
766 3013 830 3077 eius
852 3011 885 3076 et
900 3009 1085 3093 qualitatem
1099 3009 1217 3076 discer-

59 3136 170 3190 „nere
205 3133 269 3181 non
304 3117 469 3182 nouerant.
507 3115 594 3181 aliud
624 3132 758 3196 namque
792 3115 840 3179 oet
872 3112 1059 3179 facilitatem
1092 3115 1153 3178 cris
1186 3116 1219 3176 ct

92 3220 231 3285 nitorem
260 3218 374 3285 hebere
400 3217 551 3282 sermonis
581 3216 614 3282 et
642 3217 729 3282 aliud
760 3233 856 3282 nenas
879 3233 915 3281 ac
937 3214 1092 3282 medullas
1115 3213 1216 3280 caele·

92 3324 193 3388 stium
215 3321 333 3387 intrare
355 3321 508 3388 dictorum
531 3337 568 3386 ac
588 3319 740 3404 protunda
763 3319 795 3382 et
816 3318 999 3384 abscondita
1024 3317 1218 3382 sacramenta

92 3425 265 3508 purissimo
294 3423 395 3490 cordis
420 3424 508 3488 oculo
531 3422 745 3504 contemplari,
777 3422 857 3504 qnod
881 3421 1061 3486 nullatenus
1083 3419 1232 3482 humana

201 3651 294 3707 1120„
320 3653 343 3716 1,
368 3651 400 3705 rs
502 3649 623 3703 erm.
643 3649 686 3714 ue,
709 3649 743 3702 20
761 3647 857 3716 (nux)
961 3647 1147 3712 snoe.1,1

94 3737 346 3805 innume-4
448 3735 644 3802 sensenna

148 3953 357 4021 loousequatur
374 3952 414 4003 11¹
513 3948 683 4003 3ealamone
701 3949 729 3999 Σ
747 3950 814 4016 (econ
831 3947 870 4011 Π)
972 3945 1090 4000 4hebot
1106 3946 1151 3999 l'o

92 4037 218 4091 dilectis
235 4037 266 4088 H
358 4035 451 4090 debore
467 4049 520 4088 orn.
536 4037 562 4087 'l'
653 4034 748 4102 lquo]
767 4033 868 4102 puell
960 4031 1103 4085 {lectrum
1121 4030 1151 4081 Σ

94 4123 124 4177 in
143 4139 197 4178 om.
214 4122 244 4174 Π
338 4122 372 4176 10
388 4120 533 4189 discipulos
550 4135 611 4174 anca
629 4121 672 4173 ‘Po
767 4119 800 4174 14
818 4119 942 4172 humeros
960 4116 1014 4170 ΤΟ
1108 4117 1141 4170 18
1159 4131 1218 4169 nec-

94 4209 189 4279 legens
214 4208 244 4260 Σ
351 4208 541 4276 praesumserit
562 4204 643 4273 Σ(Ο)
756 4203 791 4258 20
814 4203 953 4273 suppliciis
976 4204 1001 4254 Υ
1100 4199 1217 4255 esttibi

95 4298 122 4346 τ’
217 4295 252 4348 22
269 4293 435 4350 afluentiam
452 4296 478 4346 P
567 4293 673 4362 possint
690 4291 719 4342 Σ
817 4291 851 4345 24
868 4292 895 4345 et
912 4288 1082 4359 qualitatem]
1102 4289 1219 4412 esquali-

94 4384 181 4436 tatem
199 4383 227 4432 Σ
330 4381 363 4434 ΣΙ
381 4381 588 4435 iutradictornm
606 4378 634 4429 Il
