3009 5200
541 391 712 448 ·Oonlati0
730 393 770 460 11,
788 395 813 448 1.
1198 396 1240 461 39

101 579 281 646 refectioni
305 583 407 648 carnis
429 583 597 650 malueram
620 583 776 664 deputare,
799 584 838 648 ud
855 581 992 664 requiem
1007 583 1129 646 credam
1143 582 1238 646 nestri

102 685 252 764 corporis
287 685 466 768 profecisse,
498 687 578 753 mihi
605 702 724 768 quoqne
752 686 835 751 hunc
866 689 1003 750 uestrum
1033 684 1237 750 consideranti

104 786 273 853 temonem
303 788 482 854 sollicitudo
509 789 606 854 maior
628 787 794 860 incumbit.
820 805 945 854 necesse
967 789 1015 852 est
1036 788 1120 852 enim
1142 787 1239 852 etiam

104 909 155 954 me
190 893 228 956 in
257 891 464 974 persoluenda
497 890 601 958 debito
633 895 720 956 tanto
752 891 900 956 mucram
933 890 1105 956 deuotionis
1132 907 1238 955 coram

87 1011 230 1075 egerere,
266 995 386 1076 quanto
419 1012 474 1060 uos
500 994 533 1060 id
561 994 717 1060 adtentius
750 994 842 1060 uideo
874 995 1037 1076 postulare,
1068 991 1238 1057 secundnm

107 1096 1239 1180 illnmsententiumzeisederiscenareedmeneampotentie‚

107 1200 333 1282 sapienter
361 1200 559 1284 intellege
590 1217 685 1283 quae
715 1202 965 1282 adponuntur
996 1200 1093 1278 titi,
1123 1202 1161 1264 et
1182 1197 1238 1264 in·

109 1304 235 1368 mitte
271 1323 421 1369 manum
456 1305 576 1380 tuem,
610 1305 742 1369 solens
770 1305 860 1387 quia
887 1304 989 1369 talia
1016 1308 1055 1367 ts
1080 1303 1239 1386 oportet

109 1426 364 1490 praeparare.
402 1407 601 1490 quamobrem
617 1405 749 1472 debono
766 1406 962 1473 discretionis
978 1407 1107 1488 eiusque
1120 1400 1268 1470 uirtutes

78 1510 242 1588 edictnri,
266 1513 299 1574 in
323 1528 416 1592 quam
438 1527 536 1574 sermo
559 1513 726 1575 nocturnae
754 1510 939 1577 conlationis
962 1511 1121 1594 ingressus
1142 1506 1237 1571 finem

110 1615 240 1679 nostrae
274 1612 480 1695 disputationi
512 1613 607 1696 dedit,
640 1629 811 1696 congruum
839 1612 993 1680 credimus
1021 1610 1236 1677 excellentiam

112 1717 179 1781 eins
203 1717 332 1799 petrum
353 1715 453 1796 primo
475 1716 654 1796 consignare
669 1716 844 1794 sententiis,
866 1718 902 1780 ut
924 1734 995 1780 cnm
1011 1713 1150 1796 patuerit
1162 1711 1236 1794 quid

111 1821 147 1884 de
163 1819 226 1884 illa
240 1819 397 1884 senserint
413 1820 465 1883 uel
479 1818 748 1900 pronuntiauerint
760 1820 890 1885 maiores
902 1818 1011 1896 nostri,
1026 1820 1096 1882 tum
1107 1813 1236 1898 prolatis

111 1927 178 1988 tem
208 1921 351 2004 antiquis
379 1939 472 2003 quam
505 1921 679 1986 recentibus
707 1922 809 1988 ruinis
831 1926 863 1986 et
885 1921 1006 1988 casibus
1033 1922 1235 1995 diuersorum,

81 2043 103 2079 1⁵
111 2026 164 2108 qni
187 2043 245 2107 pro
270 2045 304 2089 eo
327 2025 408 2107 qnod
430 2026 534 2091 minus
551 2044 618 2090 eam
635 2027 758 2092 luerent
778 2027 919 2092 adsecuti
935 2025 1105 2108 pernicioso
1122 2020 1235 2086 deiecti

112 2132 188 2192 sunt
209 2129 314 2210 lapsu,
336 2129 370 2192 in
393 2130 543 2211 quantum
565 2147 727 2212 possumus
757 2129 911 2195 utilitates
933 2130 999 2194 eius
1021 2130 1053 2192 et
1074 2126 1236 2192 commoda

112 2233 336 2296 retractemus:
375 2229 485 2313 quibus
523 2229 667 2296 discussis
700 2233 960 2314 quemadmodum
993 2234 1132 2313 expetere
1165 2245 1234 2292 eam

112 2337 205 2415 atque
236 2333 375 2398 excolere
403 2332 569 2398 debeamus
598 2334 754 2400 efficacius
778 2337 979 2414 instruamur,
1008 2332 1234 2399 considerantes

111 2437 217 2501 meriti
255 2436 322 2502 eins
351 2436 383 2500 et
409 2437 530 2520 gratim
562 2437 757 2520 dignitatem.
795 2442 843 2502 est
870 2438 954 2502 enim
984 2455 1045 2500 non
1071 2429 1264 2498 mediocris-⁹>

82 2538 265 2621 nquaedam
299 2538 401 2605 uirtus
434 2557 492 2606 nec
519 2558 596 2627 quae
629 2540 765 2607 humana
797 2541 913 2623 passim
941 2539 1046 2605 ualeat
1077 2536 1234 2603 industria

112 2642 330 2726 conprehendi,
353 2642 413 2709 nisi
428 2642 535 2709 diuina
553 2642 648 2709 luerit
662 2643 810 2727 largitate
832 2646 963 2718 conlata,
986 2643 1138 2724 siquidem
1152 2640 1234 2705 inter

111 2745 309 2813 nobilissima
337 2746 466 2827 spiritus
489 2749 588 2812 sancti
614 2746 694 2811 dona
717 2748 797 2811 hanc
825 2765 945 2829 qnoque
967 2746 1011 2810 ita
1033 2745 1173 2828 legamus
1194 2743 1233 2808 ab

111 2847 252 2929 apostolo
267 2849 440 2913 numerari:
457 2848 530 2913 alii
553 2850 670 2915 datur
693 2850 962 2932 perspiritum
984 2865 1109 2914 sermo
1132 2845 1233 2926 eapi-

111 2951 266 3029 entiae‚
310 2951 387 3016 elii
424 2970 545 3017 sermo
589 2951 784 3017 scientiae
821 2954 1034 3017 secundum
1072 2951 1232 3015 eundem

79 3054 319 3135 uspiritum,
353 3054 427 3119 alii
454 3054 557 3120 fides
584 3055 624 3119 in
650 3056 786 3121 ecdem
806 3056 970 3137 spiritu,
1004 3054 1079 3119 alii
1099 3053 1233 3137 gratia

110 3156 336 3221 sanitatum
359 3156 397 3220 in
420 3157 674 3239 unospiritu‚
691 3161 722 3221 et
736 3160 931 3240 postpauca:
948 3157 1024 3223 alii
1040 3157 1230 3221 discretio

111 3257 339 3339 spirituum.
363 3258 473 3323 deinde
495 3259 632 3342 oonpleto
655 3259 739 3324 omni
755 3261 895 3343 catalogo
912 3259 1098 3342 spiritalium
1114 3258 1231 3323 cbaris-

111 3364 234 3426 matum
256 3363 376 3427 subdit:
399 3361 670 3427 omniaantem
686 3362 1091 3444 heecoperaturunus
1113 3364 1231 3443 atque

112 3464 215 3529 idem
259 3462 448 3545 spiritus,
493 3464 679 3530 diuidons
724 3464 935 3547 unicuique
978 3468 1098 3547 prout
1134 3462 1229 3527 nult.

129 3768 146 3821 0
214 3684 334 3739 6Pror.
358 3685 401 3749 23,
425 3684 491 3739 1-2
509 3684 602 3753 (LXX)
707 3684 741 3738 23
766 3684 858 3741 ICor.
883 3686 923 3751 12,
943 3686 1011 3740 8-9
1112 3684 1146 3740 26
1173 3686 1190 3738 1.
1208 3700 1228 3737 c.

115 3771 127 3821 l
248 3769 317 3825 281.
336 3785 359 3823 ο.
378 3770 408 3823 ll

163 3973 353 4027 lmellneram
370 3972 411 4026 D¹
504 3972 671 4042 iproficisse
687 3974 750 4029 DX
842 3976 968 4045 deerrare
989 3976 1028 4033 W
1126 3977 1158 4030 11
1176 3977 1229 4031 die·

114 4057 247 4125 putatione
272 4057 315 4112 D¹
430 4060 463 4111 12
489 4074 595 4126 parrum
613 4062 637 4123 (t
654 4062 735 4127 eras.)
761 4062 792 4117 D
901 4063 933 4117 15
958 4063 1107 4131 perniciosa
1131 4062 1161 4116 D

116 4142 145 4195 16
162 4143 291 4198 utilitatis
315 4142 356 4199 W
456 4144 488 4199 18
506 4144 591 4212 adque
612 4145 650 4200 W
749 4146 881 4201 efficatius
897 4148 971 4202 DW
1068 4148 1231 4202 inetrnamne

119 4228 155 4281 W
248 4229 282 4284 22
300 4230 427 4298 legemus
448 4230 497 4285 W:
526 4229 641 4298 legimus
658 4231 740 4287 DXc
842 4233 876 4286 27
899 4234 1016 4302 cetaligo
1036 4232 1076 4287 D·
1106 4234 1229 4303 mielego

115 4312 183 4368 D²X
273 4314 383 4369 cariem.
403 4313 434 4367 X
530 4314 564 4369 28
584 4315 706 4371 subdidit
723 4318 795 4372 omis
813 4319 865 4385 (dit
882 4321 952 4374 omia
968 4321 1000 4375 ies
1015 4326 1082 4387 ros.)
1100 4320 1129 4375 D
