3009 5200
298 442 360 510 172
689 442 853 497 lobannis
873 442 1031 498 Cassiani

259 673 262 683 ·
296 632 478 699 metuebant
511 631 667 697 ultionum
703 631 897 699 incuteretur
932 632 1081 715 exemplo,
1118 649 1175 697 nec
1213 631 1296 715 apul
1330 631 1427 698 illam

296 734 412 803 summi
434 735 570 801 numinis
594 734 795 802 maiestatem
817 756 882 802 esse
903 735 1109 801 humanarum
1126 752 1230 800 rernm
1245 737 1278 799 et
1293 735 1428 801 cotidia-

296 855 354 905 nae
396 835 636 921 dispensationis
679 838 832 904 incuriam
883 838 1067 904 documento
1110 837 1202 903 huius
1245 836 1427 903 seueritatis

296 940 499 1027 agnoscerent
520 958 558 1007 ac
578 940 799 1008 retributorem
820 944 913 1008 deum
935 945 1120 1007 cunctorum
1134 940 1261 1006 actuum
1276 958 1333 1025 per
1345 940 1429 1006 baec

246 1050 284 1115 11
297 1061 375 1128 qnae
398 1040 583 1128 grauissime
605 1042 818 1109 formidabant
836 1042 1034 1109 manifestius
1055 1040 1262 1126 peruilereut.
1296 1042 1426 1108 iuueni·
1457 1064 1480 1107 a

296 1164 366 1213 mus
388 1162 461 1211 saue
480 1145 578 1213 etiarn
601 1163 656 1230 pro
679 1146 849 1213 leuioribus
864 1145 967 1230 culpis
985 1144 1151 1212 nonnullos
1166 1145 1295 1211 euntem
1310 1145 1427 1211 mortis

295 1248 335 1314 ad
357 1265 504 1334 praesens
526 1248 684 1331 excepisse
705 1249 905 1332 senteutiam,
928 1262 991 1331 qua
1013 1252 1085 1312 sunt
1107 1251 1140 1312 et
1160 1246 1211 1313 illi
1224 1248 1328 1331 puniti
1344 1265 1427 1332 quos

255 1413 259 1425 ,
296 1352 503 1435 praediximus
532 1351 672 1417 extitisse
700 1350 870 1437 sacrilegae
894 1350 1166 1434 praeuaricationis
1199 1351 1349 1430 auctores,
1385 1355 1428 1415 ut

295 1454 414 1520 iactum
437 1457 484 1518 eet
504 1454 539 1519 iu
561 1454 616 1520 illo
639 1456 693 1537 qui
714 1454 845 1521 sabbato
866 1454 953 1539 ligna
974 1453 1147 1539 collegerat
1160 1452 1212 1519 uel
1226 1454 1261 1520 iu
1275 1454 1427 1521 annania

296 1561 328 1624 et
351 1556 511 1642 sapphira,
535 1556 589 1638 qni
611 1574 721 1639 parum
745 1556 894 1641 quiddam
911 1556 950 1622 (le
964 1556 1143 1623 substantia
1157 1572 1215 1622 sua
1227 1555 1427 1623 infidelitatis
1440 1580 1481 1621 ro

296 1678 399 1727 errore
421 1663 634 1727 seruauerant.
671 1676 733 1725 nou
755 1677 816 1744 qno
838 1660 980 1743 aequalia
994 1660 1112 1727 inerint
1125 1661 1265 1744 pondera
1277 1662 1427 1743 peccato-

296 1785 377 1843 rum,
413 1764 467 1830 sed
500 1766 574 1848 qnia
605 1766 721 1848 reperti
754 1782 853 1831 uouac
886 1764 1142 1849 transgressionis
1174 1766 1426 1848 praesumptores

295 1867 470 1935 debuerunt
497 1866 645 1953 praebere
672 1868 784 1933 ceteris
812 1869 1072 1951 quemadmodum
1099 1868 1228 1953 peccati,
1247 1868 1303 1934 »ita
1323 1866 1427 1933 etiam

296 1991 413 2057 poenae
446 1990 483 2038 ac
513 1971 641 2037 terroris
674 1970 859 2055 exemplum,
894 1976 930 2037 ut
962 1972 1103 2056 quisquis
1134 1971 1243 2038 eadem
1266 1970 1426 2053 deinceps

296 2077 451 2143 adfectare
483 2075 679 2159 temptasset,
712 2079 820 2141 nosset
847 2074 908 2141 sibi
936 2074 1105 2140 secunlum
1133 2073 1261 2140 audem
1286 2073 1425 2139 formam
1439 2099 1479 2141 xe

297 2199 357 2265 qua
393 2180 443 2244 illi
476 2178 618 2245 damuati
654 2180 739 2256 suut,
776 2177 873 2243 etiam
910 2178 939 2244 si
974 2180 1007 2243 iu
1042 2177 1197 2260 praesenti
1233 2175 1426 2260 supplicium

246 2282 287 2348 12
297 2283 468 2362 differatur,
491 2284 524 2347 iu
547 2281 646 2347 futuri
668 2280 778 2347 iudicii
806 2282 1032 2347 examinatione
1055 2280 1256 2347 reddendum
1293 2283 1325 2346 et
1346 2280 1427 2363 quia

296 2385 440 2453 uidemur
468 2402 625 2452 excessum
656 2385 820 2469 quendam,
847 2384 923 2451 (lum
951 2402 1066 2469 genera
1098 2384 1340 2467 temptationum
1367 2381 1427 2447 uel

296 2489 451 2556 ultionum
478 2506 655 2573 percurrere
683 2488 839 2567 uolumus,
867 2508 888 2553 a
914 2488 1074 2574 proposita
1095 2485 1269 2554 narratione
1297 2486 1423 2569 fecisse,

296 2613 357 2678 qua
372 2591 553 2660 dicebamus
568 2591 672 2659 uirum
687 2591 862 2677 perfectum
875 2590 910 2657 in
925 2593 1056 2675 nbaque
1074 2591 1279 2676 temptatione
1294 2607 1426 2655 manere
1437 2611 1478 2653 so

295 2715 416 2782 semper
438 2697 627 2780 inmobilem,
652 2696 691 2762 erl
714 2695 846 2762 eandem
869 2711 952 2760 nnuc
970 2695 1085 2760 iterum
1107 2697 1313 2760 reuertamur.

337 2817 412 2885 XIl.
442 2819 553 2902 Itaque
580 2836 669 2884 mens
698 2819 759 2884 uiri
786 2817 864 2885 insti
892 2835 954 2883 nou
982 2815 1076 2882 <lebet
1103 2833 1169 2882 esce
1196 2813 1308 2879 similis
1331 2831 1424 2878 cerac

295 2923 346 2989 uel
390 2921 520 2990 alterius
566 2923 749 3004 cuiusquam
793 2920 943 2987 materiae
982 2919 1145 2998 mollioris,
1184 2936 1263 3002 quae
1299 2934 1427 3000 semper

296 3024 471 3091 characteri
498 3025 691 3110 signantium
720 3023 831 3091 cedens
859 3043 914 3108 pro
943 3027 1008 3091 cius
1029 3021 1131 3088 forma
1160 3024 1254 3106 atque
1281 3020 1425 3102 imagine

295 3126 449 3214 liguratur
476 3147 630 3213 quamque
658 3130 690 3194 iu
718 3146 751 3195 se
780 3129 898 3194 tamdiu
929 3129 1054 3212 retinet,
1084 3125 1180 3192 (louec
1208 3124 1270 3191 alio
1295 3141 1476 3188 rumumsc

296 3235 523 3316 superiupresso
551 3232 713 3316 signaculo
740 3230 936 3297 reformetur.
973 3233 1067 3315 atque
1093 3229 1141 3295 ita
1168 3227 1233 3308 fiet,
1261 3227 1299 3293 nt
1327 3245 1426 3291 unm·

296 3354 390 3419 quam
426 3336 458 3402 in
491 3354 548 3403 sua
581 3337 733 3420 qualitate
764 3336 932 3419 persistens
964 3335 1005 3402 ad
1038 3333 1169 3401 sormam
1203 3349 1310 3398 eorum
1342 3348 1427 3412 quae

295 3440 508 3525 inprimuntur
544 3458 667 3524 semper
702 3438 903 3506 conuertatur
935 3455 971 3504 ac
1005 3438 1157 3503 transeat.
1201 3433 1277 3519 quin
1313 3431 1425 3516 potius

398 3660 415 3714 9
434 3659 468 3717 ci.
485 3658 565 3715 Num.
586 3659 626 3726 15,
644 3659 679 3714 32
691 3673 748 3729 sqq.

343 3865 364 3919 2
389 3863 509 3918 numinis
539 3863 617 3920 WO:
651 3863 769 3918 nominis
799 3860 884 3916 VDX
985 3859 1079 3916 cottld.
1106 3859 1204 3916 DWX
1311 3861 1328 3915 e
1356 3875 1427 3915 non-

295 3952 386 4006 nullus
404 3951 436 4006 1⁷¹
531 3952 549 4007 8
566 3950 708 4020 sacrilegos
726 3965 760 4006 ea
778 3949 926 4019 sacrilegus
941 3947 967 4003 V
1057 3948 1075 4003 9
1093 3947 1232 4017 colligerat
1249 3947 1352 4002 VWX¹

296 4039 412 4092 annania
434 4036 490 4092 D²:
520 4037 617 4092 anania
638 4035 802 4092 VD¹WOX
903 4033 938 4089 10
958 4031 1050 4088 saffira
1076 4031 1161 4087 VDX
1189 4031 1287 4104 saffyra
1314 4033 1353 4088 W
1377 4049 1427 4086 ea·

295 4121 420 4194 phiraO
517 4125 548 4179 11
567 4137 654 4178 errore
670 4121 752 4178 D⁸Os
780 4119 957 4178 tenerescit
1051 4119 1159 4174 merant
1177 4118 1219 4175 W
1311 4119 1345 4174 14
1361 4134 1429 4173 eau-

296 4208 357 4264 ‹lem
375 4208 422 4266 VO
506 4209 540 4265 18
558 4209 677 4264 uidimur
691 4209 740 4266 W¹
832 4206 868 4262 22
884 4205 924 4261 xl
938 4207 978 4263 W
1060 4205 1095 4260 24
1112 4205 1241 4260 eruceri
1258 4204 1321 4261 DX
1349 4219 1429 4259 cara-

294 4295 415 4352 cterisO
500 4295 585 4366 alque
600 4293 653 4351 1⁷0
742 4295 777 4350 25
794 4309 899 4364 queque
910 4293 950 4347 θ’
1035 4295 1140 4348 retonat
1156 4289 1198 4346 D*
1282 4292 1318 4347 26
1335 4291 1428 4361 alque

300 4380 327 4437 V
421 4381 469 4437 fiat
489 4382 528 4439 W
628 4381 663 4438 28
680 4383 873 4436 conuertuntur
894 4379 944 4437 W¹
