3009 5200
514 469 676 529 Conlatio
695 470 718 539 I,
738 471 848 528 13-14.
1199 476 1239 544 21

102 678 244 744 regnum
274 679 350 728 eane
381 661 537 726 caelorum
566 659 732 744 tripliciter
757 661 972 745 accipiendum
994 664 1057 728 est:
1081 667 1136 730 ant
1158 666 1240 748 qnod

99 765 270 848 regnaturi
302 765 368 830 sint
399 763 486 843 caeli,
517 763 549 828 id
572 767 620 828 est
643 763 742 830 sancti
764 763 798 830 iu
820 763 892 830 aliis
914 764 1049 830 subditis
1070 768 1239 832 secundnm

97 866 197 934 sslnd:
233 871 322 934 osto
344 870 387 933 tu
408 885 523 950 snper
552 865 725 950 quinque
756 867 966 947 ciuitates,
997 870 1036 933 et
1057 871 1100 933 tu
1121 887 1240 953 super

96 971 257 1048 decem,
275 971 420 1052 illudque
434 970 516 1054 quod
532 970 647 1036 dicitnr
661 972 699 1036 ad
714 971 900 1052 discipulos:
916 973 1110 1037 sedebitis
1125 990 1241 1056 super

78 1073 213 1138 eredes
233 1073 443 1140 duodecim
456 1074 683 1140 iudicantes
699 1072 905 1140 duodecim
919 1074 1051 1140 tribus
1068 1075 1239 1156 Israhel,

94 1177 151 1242 aut
183 1177 275 1258 quod
307 1178 366 1261 ipsi
397 1177 475 1242 caeli
505 1174 656 1260 incipiant
677 1195 696 1242 a
717 1175 843 1244 Christo
865 1179 998 1261 regnari,
1026 1196 1097 1243 cum
1119 1178 1239 1243 scilicet

95 1279 253 1346 omnibus
277 1280 308 1346 ei
329 1278 479 1346 subiectis
495 1279 631 1362 coeperit
645 1297 711 1346 esse
732 1281 864 1346 omnia
884 1281 925 1346 in
952 1280 1131 1346 omnibus
1153 1283 1238 1358 deus,

95 1383 146 1448 nel
170 1386 266 1448 certe
291 1383 373 1466 qnod
396 1381 496 1450 sancti
518 1381 551 1447 in
573 1381 667 1448 caelis
689 1383 753 1448 sint
776 1400 849 1448 cnm
871 1383 994 1464 domiuo
1017 1383 1189 1467 regnaturi.

137 1519 258 1586 XIIII.
293 1519 502 1600 Quamobrem
531 1520 563 1584 in
590 1520 648 1586 hoc
670 1537 797 1602 corpore
819 1519 1008 1587 constitutus
1028 1518 1094 1586 iam
1116 1522 1239 1586 nouerit

67 1626 322 1706 uuusquisque
351 1624 400 1690 illi
429 1641 461 1688 se
489 1625 607 1708 regioni
629 1623 681 1688 nol
702 1623 880 1689 ministerio
904 1623 1125 1705 deputandum,
1149 1623 1236 1689 cuius

96 1730 129 1792 in
153 1727 220 1791 hac
252 1727 324 1792 uite
352 1733 452 1792 semet
481 1727 585 1811 ipsum
605 1726 792 1810 participem
814 1727 1027 1810 cultoremque
1048 1726 1237 1811 praebuerit,

99 1828 254 1910 illiusque
286 1847 322 1894 ae
352 1829 447 1894 otiam
469 1828 503 1894 in
525 1829 581 1895 illo
603 1829 731 1912 perenni
752 1829 875 1895 saeculo
898 1830 1074 1895 consortem
1094 1830 1237 1896 futurum

101 1951 170 1998 meu
193 1951 263 1998 non
287 1931 435 2017 ambigat,
458 1931 509 1997 oni
530 1950 614 1998 nunc
637 1932 818 1998 ministrum
839 1949 873 1996 se
894 1933 1074 2015 sociumque
1089 1934 1236 1998 maluerit

102 2035 261 2113 exhibere,
293 2034 464 2099 secundnm
494 2034 684 2100 sententium
712 2033 831 2099 domini
852 2035 899 2099 ita
920 2033 1034 2099 dicent'
1059 2035 1235 2117 :siquis

72 2137 201 2211 smibi
224 2136 456 2218 ministrat,
478 2157 535 2204 me
557 2140 761 2222 sequatur,
785 2140 824 2202 et
844 2137 910 2202 ubi
932 2156 1013 2204 snm
1035 2156 1117 2220 ego,
1139 2135 1237 2202 illic

103 2245 138 2305 et
159 2240 357 2308 minister
371 2259 480 2306 meus
495 2241 581 2306 erit.
608 2259 681 2307 nam
696 2240 958 2323 quemadmodum
973 2239 1090 2306 diaboli
1105 2257 1235 2323 regnum

104 2362 154 2426 per
177 2343 397 2408 coniuentiam
411 2346 581 2426 suedpitur
604 2344 763 2424 uitiorum,
778 2343 826 2408 ita
840 2361 971 2427 rognum
986 2343 1036 2409 dei
1050 2361 1105 2426 per
1121 2343 1236 2408 exerci-

105 2446 262 2512 tationem
292 2447 450 2513 uirtutnm
480 2448 617 2531 puritate
646 2450 745 2514 cordis
768 2463 805 2512 ec
826 2445 963 2532 spiritali
984 2445 1115 2512 scientia
1135 2445 1235 2528 possi-

106 2550 207 2615 detur.
247 2549 304 2615 nbi
334 2553 439 2617 autem
469 2569 602 2637 rognum
631 2550 681 2618 dci
710 2554 766 2631 cst,
795 2549 842 2616 ibi
864 2549 972 2634 procul
994 2549 1087 2616 dnbio
1110 2551 1143 2615 et
1167 2544 1267 2615 uitat

77 2653 240 2725 »babetur
263 2654 399 2730 aeterna,
424 2655 457 2719 et
478 2654 532 2719 ubi
554 2672 688 2739 regnum
710 2652 829 2719 diaboli
850 2654 909 2733 ost,
931 2652 977 2718 ibi
990 2653 1126 2717 mortem
1140 2654 1234 2733 atque

107 2756 264 2821 infernum
289 2776 356 2821 esse
378 2776 440 2822 non
461 2758 591 2823 dubium
614 2760 672 2823 ert.
705 2758 737 2823 in
761 2773 821 2840 qno
843 2758 896 2840 qui
911 2756 1017 2840 fuerit,
1034 2772 1093 2820 noo
1107 2754 1233 2820 laudare

108 2861 270 2926 dominum
292 2863 396 2941 potest
417 2863 586 2928 secundum
608 2861 776 2944 prophetae
790 2860 978 2925 sententiam
993 2858 1143 2925 dicentis:
1158 2876 1180 2921 n
1190 2875 1235 2922 on

107 2964 255 3030 mortui
288 2962 514 3028 laudabunt
543 2966 597 3044 te,
627 2963 796 3028 dominc:
831 2980 957 3044 neque
986 2978 1138 3037 omnes,
1169 2960 1234 3042 qui

108 3066 357 3132 descendunt
379 3066 418 3130 iu
442 3065 644 3131 infernum
660 3066 740 3147 (sine
756 3064 865 3131 dubio:
881 3065 1025 3147 peccati).
1061 3062 1126 3127 sed
1148 3080 1234 3139 noe,

78 3170 220 3253 sinquit,
260 3169 325 3252 qni
354 3168 530 3234 uiuimus
561 3170 637 3251 (non
666 3167 756 3234 uitiis
785 3166 908 3231 scilicet
930 3183 986 3231 nec
1006 3166 1123 3230 mundo
1146 3164 1229 3241 hnic

107 3273 161 3337 sed
182 3274 266 3355 deo),
290 3271 568 3338 benedicamur
595 3271 807 3351 dominum,
838 3289 878 3336 cn
902 3270 973 3334 hoc
993 3288 1092 3335 nunc
1114 3274 1151 3334 et
1174 3286 1232 3333 us·

108 3396 177 3461 que
198 3378 470 3443 insaeculnm.
504 3376 684 3441 nonenim
710 3375 772 3439 ost
793 3373 832 3439 in
853 3377 976 3439 morte
998 3374 1064 3456 qui
1086 3389 1232 3437 memor

209 3597 521 3663 3Luc.19,1set17
624 3596 708 3652 ebir.
728 3595 770 3661 19,
788 3594 822 3651 28
924 3594 1051 3649 lICor.
1072 3593 1113 3659 15,
1130 3592 1165 3646 28

108 3686 140 3737 14
157 3685 217 3739 Ioh.
237 3686 278 3750 12,
295 3684 329 3738 26
398 3684 431 3737 22
450 3682 493 3737 Ρε.
513 3683 570 3748 113,
589 3682 690 3737 17-18
758 3682 792 3735 27
810 3681 853 3736 Pe.
872 3681 931 3747 6,6

153 3890 171 3945 3
189 3890 256 3943 illut
273 3888 304 3943 D
391 3887 541 3957 tillutque
556 3885 587 3940 D
677 3886 693 3939 5
711 3885 785 3939 sedes
803 3884 947 3940 duodecem
963 3885 1003 3939 D¹
1090 3884 1232 3940 duodecem

103 3976 192 4030 tribur
211 3975 259 4029 W¹
344 3972 396 4028 rrrl
413 3972 515 4028 DWX
597 3973 615 4027 8
631 3972 771 4042 regnaturi
788 3988 849 4026 cum
867 3971 974 4027 domino
990 3972 1020 4027 D
1106 3971 1140 4026 12
1157 3970 1232 4027 illiue

104 4062 149 4129 qui
166 4062 208 4117 D¹
303 4060 336 4115 15
354 4076 403 4128 ego
420 4074 480 4113 sum
497 4059 548 4113 Xr
640 4059 673 4113 16
691 4057 780 4113 zaboli
797 4057 827 4112 D
839 4073 910 4113 corr.
997 4057 1031 4114 17
1050 4056 1231 4113 conibentiam

103 4147 174 4201 D¹X
274 4148 308 4201 18
325 4146 414 4200 cordis
432 4145 584 4213 udqrdritur
602 4160 632 4199 sc
654 4145 692 4200 W
787 4142 941 4212 possedetur
957 4143 1000 4197 D¹
1034 4163 1037 4169 ¹
1093 4142 1128 4197 20
1145 4142 1231 4199 zaboli

103 4250 135 4288 «c
152 4234 242 4289 rabuli
260 4240 286 4289 ct
303 4234 355 4289 boc
372 4248 408 4287 eor
426 4230 529 4285 diabuli
546 4230 576 4285 D
679 4229 712 4284 21
735 4229 793 4300 qni]
811 4245 838 4299 q;
858 4229 902 4283 D¹
1003 4228 1038 4283 22
1055 4228 1173 4285 dicentes
1190 4230 1231 4283 D¹

106 4322 151 4375 W¹
251 4321 289 4375 24
312 4317 476 4373 discendunt
503 4318 542 4372 W
641 4317 675 4371 25
697 4315 793 4386 inquid
815 4314 890 4371 DW
988 4314 1022 4369 26
1046 4312 1231 4371 benedicamur

104 4406 301 4476 (εὐλογήσομεν)
318 4404 404 4463 DW:
437 4402 617 4459 benedicimus
636 4408 686 4459 Xe
