3009 5200
479 446 641 503 Conlatio
664 446 737 511 xvi,
758 447 867 501 1'1-18.
1170 450 1234 516 453

113 636 298 719 protulimus
319 637 401 718 quod
424 654 481 700 nos
503 639 611 702 notare
632 636 794 702 hominnm
817 637 931 703 iudicio
954 641 1009 701 aut
1030 637 1235 702 condemnere

111 740 286 821 potuisset?
314 740 402 822 quusi
430 757 507 805 uero
533 744 616 822 apud
644 741 737 806 deum
760 739 857 805 uerba
879 741 1098 805 tantummodo
1122 743 1152 804 et
1175 758 1235 806 non

110 844 271 924 praecipue
292 844 441 907 uoluntas
467 845 595 908 uocetur
617 845 650 908 in
672 845 806 926 culpam,
837 844 869 908 et
891 862 967 925 opus
989 842 1090 908 solum
1113 845 1235 925 peccati

110 949 223 1010 etnon
247 944 344 1010 etiam
367 948 477 1011 uotum
500 964 537 1010 ao
559 947 751 1029 propositum
782 946 933 1013 habeatur
956 947 988 1010 in
1011 946 1150 1021 crimine,
1181 952 1235 1011 aut

91 1048 165 1113 elnoc
189 1050 313 1113 tuntum
336 1048 410 1130 quid
433 1050 646 1131 unusquisque
666 1048 777 1115 fecerit
799 1050 830 1113 ot
853 1067 913 1113 non
929 1047 1003 1130 quid
1019 1049 1115 1113 etiem
1132 1048 1235 1113 fecere

107 1152 294 1232 disposuerit
316 1153 349 1215 in
371 1151 488 1217 iudicio
505 1155 547 1216 sit
565 1152 787 1234 quaerendum.
821 1152 983 1217 nonenim
1000 1150 1264 1217 soleconmoli·2

108 1256 177 1319 onie
198 1255 319 1320 inlatae
341 1255 486 1336 qualitas,
512 1256 566 1321 sed
589 1255 686 1320 etiem
709 1258 903 1338 propositum
925 1255 1086 1320 imitantis
1109 1256 1141 1319 in
1158 1272 1235 1319 noxa

107 1361 165 1435 ost,
194 1357 367 1423 etidcirco
395 1375 456 1423 non
484 1360 743 1440 quemadmodum
772 1358 912 1442 iurgium
934 1358 1031 1423 fuerit
1052 1358 1233 1434 excitatum,

107 1460 162 1525 sod
193 1463 283 1525 cuius
306 1462 546 1543 conflagreuerit
567 1462 657 1543 uitio,
687 1482 796 1529 uorum
820 1462 931 1529 iudicis
955 1462 1053 1527 nostri
1077 1463 1236 1544 perquiret

74 1584 252 1630 roemmen:
284 1565 413 1631 effectus
442 1566 527 1631 enim
555 1567 688 1649 peccati,
720 1585 782 1631 non
814 1566 888 1631 ordo
917 1569 964 1630 est
998 1567 1235 1631 considerandus

106 1667 250 1732 admissi.
289 1668 363 1751 quid
391 1668 476 1733 enim
502 1670 601 1734 relert
627 1672 733 1735 utrum
762 1672 830 1752 quis
855 1670 960 1754 gladio
981 1669 1046 1753 ipse
1069 1669 1237 1753 peremerit

106 1770 239 1836 fratrom
267 1791 307 1837 an
336 1772 444 1855 aliqua
470 1776 510 1838 ad
538 1776 671 1839 mortem
699 1774 810 1841 fraude
838 1774 1020 1857 conpulerit,
1044 1792 1113 1837 oum
1137 1772 1235 1854 ipsius

108 1893 179 1939 eum
210 1874 281 1939 dolo
302 1875 355 1940 uel
378 1876 508 1943 crimine
531 1880 655 1943 constet
675 1878 871 1943 extinctum?
899 1877 988 1959 quusi
1011 1895 1085 1941 uero
1109 1894 1233 1941 caecum

107 1978 143 2041 in
164 1994 312 2060 praeceps
334 1998 429 2045 manu
450 1980 575 2063 propria
596 2000 656 2047 non
673 1980 827 2063 iupegisse
842 1980 986 2059 sufficiet,
1002 1999 1073 2044 cum
1089 1978 1236 2043 similiter

70 2100 180 2149 roreus
202 2082 248 2145 sit
269 2083 322 2164 qui
343 2100 476 2164 pronum
497 2088 530 2147 et
551 2084 757 2149 inminentem
779 2086 843 2150 ism
865 2084 982 2161 souerse,
999 2101 1069 2146 cunr
1086 2080 1234 2163 potuerit,

107 2202 257 2249 reuocare
279 2186 506 2268 contempserit,
530 2190 585 2251 eut
606 2186 663 2251 ille
683 2188 769 2253 solus
791 2188 825 2252 in
848 2186 977 2252 crimine
999 2186 1041 2249 sit
1063 2172 1118 2265 qni
1141 2202 1235 2247 menu

107 2304 166 2351 suu
193 2288 374 2369 quempiam
403 2289 597 2371 laqueauerit
623 2295 655 2354 et
681 2308 741 2355 non
764 2291 860 2355 etiem
882 2290 909 2355 is
932 2290 985 2373 qui
1008 2289 1058 2355 uel
1081 2286 1236 2369 putauerit

106 2392 160 2456 uel
182 2392 346 2475 ingesserit
368 2393 515 2475 laqueum
537 2394 590 2459 uel
611 2397 705 2474 certe,
734 2412 804 2459 eum
827 2395 973 2475 potnerit,
1001 2392 1122 2458 auferre
1146 2390 1235 2455 nolu·

107 2495 177 2559 erit.
215 2495 262 2560 ita
283 2496 382 2577 igitur
404 2499 508 2561 tacere
529 2497 611 2563 nihil
632 2500 767 2578 prodest,
784 2497 811 2561 si
827 2497 940 2561 idcirco
956 2496 1043 2561 nobis
1061 2494 1265 2558 indicemus3

68 2597 283 2682 renitentium,
305 2601 342 2664 ut
363 2602 445 2681 quod
467 2603 625 2684 egendum
649 2600 790 2668 conuicio
812 2601 915 2666 fuerat
938 2601 995 2666 hoc
1017 2596 1235 2664 taciturnitate

107 2701 273 2783 faciamus,
302 2701 526 2768 adsimulantes
555 2707 704 2786 quosdam
732 2704 849 2787 gestus,
876 2703 988 2784 quibus
1012 2704 1043 2766 et
1064 2700 1121 2766 ille
1144 2717 1234 2781 quem

108 2806 212 2869 curari
234 2805 372 2887 oportuit
393 2807 623 2872 uehementiore
644 2809 820 2874 inardescet
842 2807 1005 2872 iracundie
1028 2806 1060 2870 et
1075 2822 1128 2870 nos
1144 2821 1236 2884 super

105 2909 309 2973 haecomnia
336 2908 451 2974 damno
474 2910 562 2974 illius
585 2928 622 2974 ao
644 2911 819 2993 perditione
845 2909 1026 2974 laudemur:
1052 2909 1140 2990 qnasi
1162 2922 1236 2970 uero

107 3027 168 3076 nou
190 3011 288 3076 etium
311 3030 347 3075 ex
367 3011 426 3076 lroc
447 3013 515 3094 ipso
537 3014 608 3094 quis
631 3013 825 3079 criminosior
847 3013 899 3088 sit,
923 3014 1003 3094 quod
1027 3011 1161 3094 glorium
1175 3008 1235 3073 eibi

70 3112 147 3177 sade
177 3112 285 3178 fratris
312 3114 448 3180 uoluerit
476 3115 649 3195 perditione
682 3116 871 3199 conquirere.
908 3115 1032 3197 utrique
1060 3113 1144 3177 enirn
1173 3112 1236 3177 tale

108 3216 272 3282 silentium
308 3218 370 3282 erit
406 3217 576 3299 aequaliter
612 3219 749 3294 noxium,
784 3219 857 3300 quie
890 3219 972 3282 sieut
1005 3219 1171 3299 exaggerat
1205 3217 1235 3279 in

108 3320 240 3384 ulterius
267 3319 357 3384 eorde
386 3321 561 3398 tristitiam,
589 3321 638 3386 ito
664 3323 695 3386 in
724 3341 781 3387 suo
812 3339 872 3386 non
901 3323 1062 3404 permittit
1084 3318 1234 3400 extingui.

109 3426 218 3486 contra
240 3439 316 3503 quoe
337 3421 395 3486 illa
416 3423 586 3504 prophetae
599 3424 678 3488 satis
705 3423 826 3507 proprie
842 3428 890 3488 est
905 3423 1022 3489 directe
1037 3419 1267 3488 maledicti024

162 3677 364 3746 lprotulemus
381 3676 421 3727 ΠΙ
525 3677 717 3747 condempnare
734 3678 765 3729 Π
865 3677 966 3746 2aput
984 3673 1045 3728 ΣΟ
1146 3663 1293 3730 deul·¹

109 3778 171 3831 pam
188 3763 229 3833 et]
246 3761 448 3830 perturbatione
470 3763 501 3814 Π
600 3764 618 3816 4
639 3767 667 3817 et
684 3769 752 3818 unte
770 3777 820 3816 non
839 3777 888 3817 om.
911 3761 942 3814 11
946 3761 1020 3816 YOr
1122 3763 1138 3816 5
1165 3760 1235 3830 quod

111 3848 157 3903 Oo
259 3848 443 3916 uuusquisque
463 3847 557 3903 fecerit
576 3864 623 3917 per
639 3849 785 3917 loquellam
803 3847 949 3916 (loquelam
967 3848 1037 3899 ΠΨ
1057 3863 1103 3917 pro
1124 3845 1236 3915 loquillu

109 3935 160 4000 11¹)
177 3937 205 3988 et
221 3950 276 3988 non
293 3934 360 4002 quid
377 3935 460 4004 (quod
476 3939 504 3997 ol
528 3935 611 3989 etiam
626 3950 673 4003 per
690 3934 907 3990 taciturnitatem
924 3935 1009 3992 facere
1027 3933 1164 3988 studuerit
1181 3933 1239 3984 ΠΨ

111 4021 157 4076 Ou
246 4021 491 4075 conmutationis
508 4021 595 4076 inlata
612 4021 762 4089 aequalitas
780 4023 808 4074 Σ
896 4022 959 4074 'lin
977 4021 1062 4074 tantis
1080 4021 1108 4073 Σ
1193 4019 1235 4072 in·

108 4107 279 4162 noriall¹0¹
364 4106 500 4162 illuditur
517 4107 556 4159 Π·
645 4107 678 4161 10
689 4107 839 4161 allectus?
923 4106 1170 4160 llinadmissisl'

109 4193 206 4247 referet
223 4193 251 4245 Σ
276 4192 367 4246 differt
386 4192 461 4246 uon
548 4193 581 4246 12
598 4194 632 4246 ad
649 4193 776 4260 mortem]
796 4194 882 4246 morte
900 4193 928 4245 Σ
1015 4193 1047 4246 16
1065 4193 1236 4246 contemserit

110 4277 170 4330 ΣΟ
261 4279 293 4332 ll
311 4278 355 4331 his
371 4278 444 4331 11¹0
536 4279 569 4332 19
587 4277 713 4347 prodeest
730 4278 757 4331 0
842 4279 876 4332 22
893 4277 1088 4334 uehementiori
1106 4278 1169 4331 H'o

110 4365 146 4418 24
163 4364 340 4418 criminioeior
359 4365 386 4416 Σ
472 4364 506 4418 25
523 4364 657 4433 inquirere
675 4365 701 4415 P
789 4365 824 4420 28
841 4364 907 4433 prof.
924 4365 955 4416 Π
1022 4364 1127 4433 propria
1145 4367 1170 4418 P
