3009 5200
301 406 362 475 168
691 403 856 461 Iohannis
873 403 1032 463 coariani

298 606 390 660 ones
412 593 623 674 iustorum,
651 597 697 661 ot:
727 592 810 673 fili,
831 593 914 661 noli
934 594 1148 679 neglegere
1170 593 1430 680 disciplinam

299 696 463 775 domini,
506 714 628 780 neque
671 695 864 784 fatigeris
908 717 991 765 cum
1025 696 1074 763 ab
1108 714 1151 764 eo
1186 699 1430 782 increparis:

300 816 412 881 quom
456 799 557 865 enim
602 798 743 885 diligit
785 801 970 867 dominns
1007 800 1198 885 corripit,
1234 801 1430 887 flagellat

298 904 427 968 autem
459 920 607 970 omnem
641 901 773 969 filium
802 922 914 988 quern
935 903 1093 987 recipit.
1131 904 1220 989 qnia
1243 904 1347 971 enim
1370 908 1430 970 est

299 1002 417 1070 iilius
437 1024 547 1088 quem
570 1024 646 1072 non
667 1006 837 1089 corripit
858 1008 997 1090 pater?
1017 1007 1158 1090 quodsi
1174 1008 1286 1073 extra
1308 1005 1464 1074 disci-s

298 1107 445 1190 plinom
482 1108 601 1195 estis,
631 1110 744 1177 onius
774 1112 997 1196 participes
1027 1110 1124 1176 facti
1153 1112 1248 1177 sunt
1275 1129 1427 1188 omnes,

300 1229 388 1297 ergo
419 1212 637 1279 adulterini
667 1215 705 1278 et
735 1231 807 1279 non
837 1211 924 1278 lilii
953 1213 1065 1280 estis.
1104 1214 1138 1279 et
1164 1211 1198 1279 in
1220 1212 1428 1298 Apocalypsi:

270 1316 368 1399 dego
391 1334 486 1399 quos
517 1334 615 1397 amo,
644 1334 765 1401 arguo
794 1320 832 1381 et
861 1316 1028 1401 castigo.
1066 1317 1106 1382 ad
1136 1335 1213 1399 qnos
1241 1316 1339 1381 etiam
1367 1314 1427 1379 anb

299 1418 399 1503 figura
428 1420 622 1487 Hierusalem
651 1439 688 1485 er
714 1438 846 1504 persona
873 1420 923 1486 dei
950 1420 998 1486 ita
1024 1439 1079 1504 per
1106 1418 1298 1485 Hieremiam
1324 1437 1428 1484 sermo

299 1514 462 1605 dirigitur:
492 1521 633 1591 faeiem
668 1524 770 1589 enim
797 1522 1173 1589 consummationem
1201 1522 1240 1586 in
1267 1523 1462 1587 ounrcisn

298 1624 503 1709 gentibus,
543 1628 581 1693 in
617 1625 763 1711 quibus
807 1625 978 1711 dispersi
1015 1630 1068 1693 te:
1107 1630 1147 1691 te
1182 1628 1315 1691 autem
1353 1643 1428 1689 non

301 1727 442 1795 faciam
479 1729 519 1795 in
552 1730 943 1796 consummationem:
981 1732 1048 1795 sed
1077 1728 1284 1814 castigabo
1317 1728 1357 1793 te
1390 1728 1428 1793 in

300 1830 469 1912 iudicio,
491 1836 533 1898 nt
556 1851 627 1899 non
649 1833 727 1900 tibi
750 1831 926 1899 uideoria
948 1829 1147 1898 innoxius.
1183 1850 1239 1915 pro
1262 1830 1427 1914 quasaln-

300 1932 362 1999 tari
390 1935 608 2002 emundatione
636 1941 705 2003 orat
733 1935 837 2003 Dauid
867 1936 988 2002 dicens:
1017 1936 1140 2018 proba
1172 1954 1229 2001 me
1256 1934 1427 2008 domine,

300 2040 339 2101 et
366 2038 521 2121 tempto
542 2059 614 2109 me:
644 2058 710 2105 ure
732 2058 847 2105 renes
873 2058 977 2105 meos
999 2040 1037 2104 ot
1058 2057 1124 2104 cor
1146 2056 1280 2104 meum.
1318 2036 1461 2103 Esaioan

301 2159 420 2224 quoqne
453 2143 623 2209 utilitatem
657 2142 749 2211 huius
787 2143 1002 2227 temptationis
1034 2141 1220 2226 intellegens
1256 2140 1426 2222 corripe,

299 2243 414 2326 inquit,
443 2263 509 2312 nos
539 2244 709 2327 domine,
742 2250 1014 2313 nernmtamen
1036 2244 1075 2311 in
1096 2244 1261 2310 indicio:
1294 2246 1334 2307 et
1355 2259 1428 2307 non

301 2344 341 2411 in
373 2346 505 2415 furore
537 2349 621 2427 too,
654 2349 686 2415 et
718 2350 850 2415 iterum:
890 2347 1108 2416 confitebor
1147 2346 1226 2413 tibi
1258 2342 1427 2427 domine,

302 2452 485 2531 quoniam
515 2452 646 2519 iratus
668 2472 706 2518 as
728 2452 842 2519 mihi:
874 2469 1088 2517 conuersus
1110 2451 1171 2517 est
1194 2450 1300 2514 furor
1322 2452 1428 2527 tuus,

271 2551 341 2619 4et
363 2555 590 2622 consolatus
612 2574 650 2623 os
672 2574 740 2622 me.
776 2572 832 2640 pro
854 2555 967 2621 merito
989 2554 1097 2621 antem
1119 2552 1316 2637 peccatorum
1335 2550 1461 2635 plagast

302 2660 517 2743 temptationis
539 2659 684 2740 infertur,
707 2663 744 2726 ut
759 2657 804 2724 ibi
819 2659 928 2742 plagas
943 2657 1057 2742 populo
1078 2656 1211 2722 Israheli
1226 2655 1429 2722 inmissurum

302 2780 336 2828 ee
358 2763 499 2828 dominus
522 2763 720 2830 comminatur
742 2764 866 2829 dicens:
899 2765 1034 2829 dentes
1056 2760 1275 2829 bestiarum
1298 2758 1429 2824 inmit-

303 2867 381 2929 tam
405 2863 545 2947 ineos,
578 2885 660 2933 cnm
682 2865 814 2933 furore
841 2863 1090 2931 trahentium
1123 2881 1243 2947 super
1265 2863 1427 2933 terram,

303 2969 350 3033 et:
374 2968 529 3035 frustra
549 2969 728 3053 percussi
750 2968 861 3036 lilios
883 2970 1058 3048 nestros,
1078 2965 1338 3051 disciplinam
1357 2982 1428 3030 non

303 3071 528 3154 recepistis.
565 3073 598 3138 in
620 3071 752 3137 Psalmis
779 3089 914 3157 quoqne:
946 3072 1069 3137 multo
1099 3069 1270 3153 flagella
1296 3085 1461 3152 pecca-rs

303 3177 445 3254 torum,
480 3178 513 3240 et
545 3175 579 3240 in
612 3173 790 3259 euangelio:
828 3193 916 3241 ecce
948 3192 1067 3241 sanna
1099 3173 1232 3240 iactus
1265 3190 1320 3239 es:
1355 3170 1428 3235 iam

407 3381 420 3435 1
440 3377 521 3437 Hebr.
540 3379 580 3446 12,
598 3379 668 3435 5-8
765 3379 881 3448 espec.
900 3379 925 3448 3,
945 3380 978 3434 10
1082 3377 1116 3433 10
1132 3375 1248 3432 Hieram.
1266 3377 1308 3443 00,
1330 3375 1363 3431 11

304 3462 400 3518 141..
417 3465 459 3531 25,
476 3465 494 3519 2
596 3465 629 3519 16
647 3464 763 3520 Hieram.
782 3465 823 3531 10,
840 3465 876 3519 24
975 3463 1008 3519 18
1030 3463 1100 3519 Eteri.
1120 3463 1196 3528 121
1298 3461 1334 3516 22
1351 3460 1429 3514 Dent

303 3549 345 3614 02,
364 3551 399 3606 24
492 3549 661 3608 tumerem.
679 3551 704 3618 2,
722 3550 759 3606 00
851 3549 887 3605 et
904 3551 949 3604 Pa.
965 3549 1009 3617 31,
1027 3549 1062 3605 10
1155 3548 1191 3604 26
1208 3546 1267 3604 1011.
1284 3547 1309 3615 ὁ,
1329 3547 1364 3601 14

355 3737 369 3792 1
388 3736 530 3791 etiterum
550 3735 575 3792 0
668 3736 777 3806 neglere
797 3735 826 3793 V
851 3735 987 3806 negligere
1003 3735 1035 3791 D
1129 3729 1428 3801 taum...inoreparir

301 3835 354 3878 oro.
376 3821 418 3876 11ι
518 3821 536 3876 4
559 3822 658 3892 recepit
680 3821 715 3878 V¹
818 3821 946 3892 dquam]
963 3835 990 3891 (ις
1011 3821 1051 3877 11ι
1155 3823 1232 3893 poter
1247 3836 1303 3877 non
1320 3816 1429 3886 corripit

302 3907 378 3964 1117
473 3907 489 3961 1
512 3908 657 3978 apocalipsi
679 3908 719 3963 17
743 3909 909 3979 apocalipsin
933 3907 957 3965 0
1058 3908 1076 3962 9
1099 3906 1250 3962 tierimiarn
1272 3906 1299 3961 V
1321 3905 1426 3959 iterem.

308 3994 362 4050 ΟΧ
447 3993 481 4047 10
493 3999 641 4050 consumat
657 3993 720 4052 170
806 3994 839 4048 12
850 3998 996 4050 oonsnmat
1012 3993 1075 4052 170
1161 3993 1194 4048 14
1205 3993 1308 4048 emend
1320 3991 1361 4046 X¹

304 4081 338 4136 15
356 4095 430 4136 meno
445 4078 480 4136 7ι
574 4080 656 4136 maior
672 4080 712 4135 17
800 4080 922 4136 ieremias
937 4079 1004 4136 12¹0
1020 4080 1113 4144 (iocoso
1128 4081 1238 4136 moero
1253 4079 1362 4146 cador)

305 4164 335 4220 11
355 4163 451 4234 inquid
472 4163 593 4224 VDWO
696 4165 729 4221 18
750 4164 900 4220 lnran¹
1004 4165 1188 4222 101ιιιιιι71
1289 4162 1427 4218 23fnruro

308 4249 343 4307 7Ι
462 4250 497 4306 24
522 4250 594 4306 filius
620 4255 727 4307 nostrus
756 4250 795 4307 7ι
914 4254 1014 4306 nosmos
1040 4253 1069 4307 et
1096 4251 1120 4308 0
1238 4251 1273 4306 20
1299 4244 1428 4318 recipistis
