3009 5200
471 422 631 480 (tentatio
654 423 849 490 mac-16.
1161 423 1225 491 350

105 631 223 680 nemeae
244 617 291 678 est
312 615 348 678 nt
370 631 503 696 superno
524 613 579 679 illo
600 612 756 698 praesidio
780 611 946 697 paululum
968 613 1118 678 denudati
1140 617 1224 678 tam·

20 763 21 818 3
103 717 153 782 diu
175 716 242 782 illis
264 734 341 798 qnae
357 717 464 784 diuina
479 718 582 783 uirtus
596 719 771 783 extinxerat
785 715 983 800 passionibus
998 717 1224 800 opprimantur,

102 819 249 902 quamdiu
293 820 481 904 experientia
516 822 646 888 docente
684 824 869 907 cognoscant
903 838 937 887 ae
972 820 1095 886 uiribus
1132 821 1226 902 atque

101 921 256 987 industria
289 941 345 990 sua
380 924 526 1007 puritatis
558 923 675 991 bonum
712 925 854 992 obtinere
887 941 951 990 nou
984 943 1084 1007 posse.
1123 927 1155 988 et
1189 919 1256 988 utl

82 1025 343 1108 edisputationem
378 1031 519 1094 nostram
552 1028 590 1094 de
618 1029 679 1096 fine
712 1028 910 1111 plenissimae
943 1028 1102 1096 castitatis
1131 1026 1226 1111 longa

100 1131 317 1196 lucubratione
340 1130 512 1196 conlectam
536 1130 673 1199 breuiter
703 1132 925 1198 concludemus
948 1131 981 1197 in
1002 1148 1099 1197 unum
1121 1130 1226 1195 omnis

99 1252 176 1314 quae
211 1233 332 1318 copiose
365 1237 559 1319 sparsimque
592 1234 715 1320 digesta
748 1242 822 1302 snnt
851 1235 1044 1318 colligentes,
1075 1233 1151 1298 haec
1177 1231 1226 1296 est

101 1336 327 1402 consummatio
357 1337 523 1420 castitatis,
554 1341 590 1405 ut
620 1339 809 1424 uigilantem
840 1338 1028 1406 menaehem
1056 1333 1225 1401 oblectatio

100 1438 240 1505 libidinis
269 1439 360 1506 nulla
389 1441 590 1526 perstringat,
624 1442 661 1506 nt
690 1442 902 1524 quiescentem
936 1439 1131 1507 somniorum
1163 1455 1225 1502 non

72 1541 189 1608 refellat
218 1543 344 1622 inlusio,
374 1543 427 1609 sed
458 1562 530 1610 oum
556 1545 722 1612 dormienti
745 1547 870 1611 tantum
892 1563 948 1628 per
969 1544 1090 1627 sopitae
1110 1540 1226 1606 mentis

100 1645 252 1710 incuriam
275 1647 428 1713 commotio
451 1649 551 1714 earnis
574 1647 758 1732 obrepserit,
787 1647 1049 1732 quemadmodum
1070 1645 1136 1710 sine
1158 1641 1226 1708 ulla

101 1747 283 1814 titillatione
312 1750 485 1830 uoluptatis
516 1751 615 1816 exeita
645 1753 702 1831 est,
734 1752 780 1817 ita
805 1752 902 1816 etiam
924 1750 991 1816 sine
1014 1749 1080 1815 ullo
1101 1747 1225 1833 pruritu

101 1852 235 1934 corporis
258 1851 464 1935 conquiescat.
503 1854 580 1919 baec
601 1856 640 1919 de
662 1852 819 1920 castitatis
847 1854 919 1932 fine,
946 1853 1100 1936 quantum
1121 1849 1255 1933 potui-3

103 1973 179 2030 mus,
218 1972 280 2020 non
313 1955 428 2032 uerbis,
464 1959 518 2022 sed
556 1957 746 2040 experientia
781 1956 988 2040 magistrante
1025 1954 1224 2038 digessimus.

75 2077 181 2141 aquae
213 2058 323 2124 licata
344 2058 505 2126 desidiosis
534 2078 570 2127 ac
598 2061 837 2146 neglegentibus
867 2061 1001 2127 arbitrer
1029 2055 1227 2142 inpossibilia

103 2163 232 2226 forsitan
253 2161 426 2240 iudicanda,
450 2164 550 2229 certus
572 2167 763 2230 tamensem
779 2183 799 2230 a
812 2163 963 2229 studiosis
978 2180 1014 2228 ac
1029 2159 1225 2244 spiritalibus

104 2265 177 2329 nius
206 2266 402 2348 agnoscenda
430 2269 548 2350 pariter
570 2285 606 2333 ac
627 2267 798 2350 probanda.
835 2269 960 2332 tentum
987 2282 1121 2346 namque
1143 2263 1226 2327 inter

104 2367 259 2434 bominem
281 2366 378 2434 distat
401 2370 433 2434 et
453 2369 622 2444 hominem,
654 2373 808 2452 quantum
831 2372 863 2434 et
884 2368 942 2436 illa
964 2368 1004 2434 ad
1026 2383 1106 2450 quae
1127 2362 1226 2430 animi

105 2489 206 2536 eornm
243 2472 345 2538 tendit
377 2471 509 2537 intentio
542 2471 582 2537 ab
617 2471 755 2538 inuicem
785 2470 994 2554 disparantur,
1028 2471 1060 2535 id
1094 2468 1142 2532 est
1174 2467 1226 2531 nel

77 2573 222 2641 neaelum
246 2572 286 2640 eb
309 2573 429 2641 interno
451 2574 503 2641 uel
526 2573 669 2643 Christus
685 2594 705 2642 a
720 2575 836 2651 Beliar,
852 2574 1023 2641 seeundum
1037 2570 1227 2638 sententiam

106 2677 220 2743 domini
249 2678 429 2744 saluatoris:
459 2679 492 2743 si
515 2680 607 2762 quis
629 2680 726 2745 mibi
755 2678 985 2760 ministrat,
1011 2694 1067 2741 me
1089 2692 1226 2757 sequa·

105 2788 182 2859 tnr,
214 2783 253 2845 et
282 2779 350 2845 ubi
380 2799 465 2847 sum
494 2800 578 2866 ego,
605 2783 694 2848 illic
724 2786 761 2847 et
790 2782 977 2848 minister
1002 2796 1106 2843 meus
1130 2778 1227 2861 erit,

105 2886 135 2947 et
162 2882 290 2948 itemm:
320 2882 383 2947 ubi
416 2886 476 2949 est
505 2885 724 2951 thesaurus
757 2886 868 2964 tuus,
902 2883 960 2950 ibi
987 2882 1067 2947 erit
1098 2880 1135 2945 et
1162 2897 1228 2945 cor

105 2996 220 3052 tuum.

77 3134 98 3174 a
143 3105 216 3170 Huc
253 3124 350 3187 nsque
393 3108 503 3173 beatus
546 3106 736 3173 Chaeremon
776 3108 814 3172 de
851 3106 1008 3172 omentis
1040 3102 1258 3189 perlectione4

106 3207 252 3273 dhseruit
285 3208 560 3292 admirabilemque
593 3210 767 3276 doctrinam
800 3207 1045 3275 sublimissimae
1077 3204 1229 3290 puritatis

106 3310 160 3377 tali
182 3330 325 3378 sermone
349 3313 512 3396 conclusit,
537 3316 670 3380 suadens
685 3313 884 3397 stupentibus
900 3316 995 3395 atque
1009 3310 1112 3377 anxiis
1126 3306 1227 3389 nobis,

105 3418 148 3498 ut,
185 3414 258 3500 quia
293 3417 356 3481 iam
397 3418 497 3483 noctis
531 3435 604 3500 pars
639 3418 739 3483 maior
775 3416 947 3498 effluxerat,
979 3413 1096 3480 nahts
1129 3409 1227 3495 quieti

203 3637 237 3691 21
256 3636 313 3691 Ioh.
334 3637 375 3703 12,
393 3637 427 3692 26
530 3638 565 3694 13
581 3639 632 3695 hlt.
651 3638 675 3706 6,
695 3640 727 3693 21

154 3842 169 3893 1
186 3841 363 3909 paululum?
445 3844 557 3900 hilline
574 3843 613 3895 11¹
700 3843 835 3897 lhonmn
853 3857 903 3897 oet.
921 3841 951 3893 H
1034 3842 1089 3909 opt.
1108 3839 1164 3890 ΣΥ

105 3924 121 3978 6
144 3924 331 3981 lueruheticne
357 3929 385 3980 Σ
492 3930 508 3985 l
535 3930 643 3999 cupiere
669 3934 696 3983 et
721 3929 833 3997 degesta
859 3926 899 3979 Πι
1002 3925 1020 3980 8
1046 3922 1228 3978 oblectatione

105 4010 132 4061 Σ
232 4012 265 4065 11
291 4012 434 4082 inrepserit
459 4016 485 4066 Y
584 4015 618 4068 12
645 4016 761 4069 exoluta
782 4011 897 4067 HYOc:
921 4010 958 4077 cf.
975 4010 1060 4074 XXI,
1076 4012 1160 4077 2⁶st

105 4094 159 4150 ullo
183 4111 234 4151 om.
260 4096 291 4149 Π
391 4100 498 4167 proritu
524 4099 555 4152 Π
557 4102 564 4129 ¹
676 4100 709 4154 14
735 4100 899 4169 degessimns
922 4098 953 4149 Π
955 4100 963 4128 ¹
1066 4096 1101 4149 lb
1127 4096 1228 4164 neeleg.

104 4179 157 4233 ΣΟ
258 4182 292 4237 16
309 4182 344 4237 ab
362 4182 388 4236 Ο
489 4184 524 4239 1e
541 4184 628 4239 distat
645 4188 673 4239 et
691 4186 828 4239 bominem
844 4200 894 4238 ortt
912 4183 943 4235 Π
1043 4182 1079 4235 20
1095 4179 1181 4236 beliar
1198 4182 1227 4232 Σ

105 4270 136 4331 ct,
151 4270 184 4321 ut
200 4266 268 4332 etet,
290 4268 343 4323 ll¹r
372 4268 455 4324 belial
473 4268 587 4326 innoc
681 4270 716 4325 26
734 4270 867 4326 dessemit
883 4270 922 4322 Πι
1014 4268 1120 4323 smmis.
1138 4269 1164 4320 'P

105 4352 137 4404 π
153 4352 246 4420 quieta
263 4349 303 4405 Π·
