3009 5200
316 418 401 486 ,288
725 414 891 471 Iohannis
909 415 1065 473 cassiani

330 624 369 675 ao
391 605 517 675 malitia
536 606 746 690 nequissimae
768 604 865 690 prelis
887 603 1015 688 iniecta,
1037 622 1116 689 qnae
1131 604 1166 671 in
1181 609 1279 671 semet
1293 603 1454 687 inpietatis

329 728 457 795 germen
487 712 575 777 uelut
599 711 687 776 auita
708 708 876 775 traditione
901 708 1057 775 retinebat
1077 708 1242 775 insertum.
1264 710 1360 775 donee
1382 727 1454 793 ergo

328 814 543 896 perseuerauit
563 814 645 879 iuter
666 812 738 878 illos
756 810 964 895 generationis
978 828 1085 877 eorum
1099 810 1161 877 ista
1175 810 1331 891 diseretio,
1347 829 1452 879 semen

328 917 410 984 iliud
442 916 530 1000 Seth,
563 917 673 999 utpote
701 916 741 981 de
770 914 891 998 optima
919 914 1022 981 radios
1052 914 1230 998 procedens,
1259 915 1453 999 promerito

328 1020 509 1086 sanctitatis
540 1018 645 1104 angeli
677 1019 728 1085 dei
763 1020 831 1084 sius
859 1022 896 1085 ut
925 1018 1050 1085 diuersa
1078 1018 1264 1103 exemplaria
1296 1020 1486 1085 continents

312 1122 387 1187 ulii
410 1122 460 1187 dei
483 1122 588 1189 uooati
610 1127 693 1207 suut,
716 1126 748 1187 et
771 1122 966 1189 econtrario
991 1122 1040 1187 illi
1062 1126 1190 1205 propter
1203 1122 1388 1205 inpietatem
1403 1122 1452 1187 nel

326 1243 417 1290 suam
449 1226 501 1291 uel
532 1227 660 1311 petrum
693 1243 821 1291 suorum
855 1226 888 1291 et
919 1242 1014 1307 opera
1047 1227 1172 1291 terrena
1204 1224 1262 1291 filii
1293 1225 1452 1294 hominnm

296 1328 556 1413 4uuuoupautur.
579 1348 653 1395 eum
666 1329 749 1394 esset
766 1346 838 1412 ergo
860 1328 943 1394 inter
964 1330 1048 1411 ipsos
1070 1348 1166 1412 usque
1180 1332 1218 1395 ad
1233 1329 1313 1395 illud
1328 1332 1452 1413 tempus

326 1431 404 1499 haee
425 1432 518 1498 utilis
538 1433 704 1515 sancteque
726 1431 849 1512 diuisio,
873 1433 1018 1498 uidentes
1039 1433 1110 1514 post
1131 1433 1208 1499 irase
1230 1432 1290 1499 filii
1305 1432 1383 1499 Seth
1401 1434 1453 1516 qui

327 1536 377 1602 dei
400 1536 459 1601 filii
481 1540 569 1603 erent
592 1536 673 1601 iilius
695 1554 803 1601 eorum
827 1536 880 1619 qui
903 1536 941 1602 de
964 1534 1041 1602 Gain
1071 1536 1215 1620 progenie
1245 1536 1485 1603 nesoebautmro

326 1638 480 1705 desiderio
509 1638 753 1723 pulehritudiuis
783 1658 889 1705 earum
918 1640 1057 1705 suoeensi
1090 1640 1275 1722 aeceperunt
1307 1640 1347 1707 de
1377 1640 1452 1723 ipsis

325 1744 451 1810 sibimet
481 1762 599 1824 uxores,
630 1762 708 1827 quae
737 1743 815 1809 uiris
844 1746 910 1810 suis
942 1744 1108 1827 pareutum
1139 1762 1265 1809 snorum
1296 1743 1452 1827 nequities

325 1846 521 1913 infundentes
555 1847 593 1913 ab
626 1847 683 1913 illa
715 1865 767 1913 eos
800 1847 942 1931 ingenita
979 1848 1146 1913 sanctitate
1179 1865 1215 1913 ao
1247 1846 1451 1931 simplieitate

324 1953 456 2035 paterna
476 1951 619 2034 protinus
640 1951 858 2034 eouruporunt.
896 1951 936 2016 ad
959 1969 1035 2034 quos
1056 1952 1132 2018 sotis
1149 1969 1282 2034 eongrue
1296 1950 1451 2015 directum

325 2055 373 2119 est
395 2053 474 2119 iliud
497 2054 672 2136 eloquium:
696 2072 764 2139 ego
786 2054 886 2119 diui:
911 2054 966 2120 dii
989 2056 1103 2134 estis,
1131 2058 1168 2119 et
1190 2053 1276 2119 filii
1299 2053 1483 2121 excelsis

325 2173 465 2222 omnes.
509 2174 578 2223 uos
613 2159 744 2223 autem
782 2158 889 2223 siout
925 2158 1101 2224 homines
1137 2157 1377 2224 moriemini:
1414 2158 1452 2223 et

324 2259 433 2326 siout
453 2278 553 2326 unus
575 2261 620 2327 do
641 2260 895 2345 principibus
918 2262 1087 2343 radetis,
1116 2264 1228 2346 quique
1251 2262 1291 2328 ab
1305 2260 1364 2329 illo
1378 2279 1450 2325 uero

278 2378 283 2385 ’
324 2363 470 2447 physicae
502 2363 714 2448 philosophiae
745 2363 913 2447 diseipline
942 2366 1058 2431 tradita
1079 2365 1140 2431 sibi
1162 2385 1180 2431 a
1201 2364 1373 2431 maioribus
1399 2383 1448 2429 er·

325 2466 479 2547 siderent,
502 2485 597 2550 quam
619 2468 740 2551 primus
762 2468 855 2533 homo
877 2468 942 2545 ille,
966 2469 1017 2553 qui
1034 2468 1252 2535 uniuersarum
1266 2472 1447 2535 naturamm

324 2571 556 2638 institutionem
577 2590 594 2638 o
616 2572 749 2657 uestigio
779 2571 964 2639 subseeutus
995 2576 1052 2658 est,
1083 2571 1186 2656 potuit
1212 2571 1372 2639 euidenter
1394 2574 1481 2638 eud-⁹⁰

292 2675 445 2760 iitingere
467 2676 592 2760 suisque
614 2677 747 2760 posteris
773 2681 859 2742 eerte
874 2677 994 2742 rationo
1010 2677 1231 2742 transmittere.
1266 2679 1381 2759 quippe
1397 2676 1447 2757 qui

324 2779 434 2844 mundi
456 2779 556 2863 ipsius
577 2779 745 2846 infantiam
769 2781 870 2846 adhue
892 2785 1029 2846 teneram
1052 2782 1085 2845 et
1106 2779 1332 2863 quodammodo
1348 2777 1448 2861 palpi-

323 2883 446 2947 tantem
467 2885 636 2966 rudemque
662 2887 859 2968 conspexerat
881 2885 912 2951 et
934 2885 967 2950 in
983 2903 1074 2969 quem
1089 2887 1178 2950 tanta
1192 2883 1255 2948 fuit
1269 2901 1332 2947 non
1346 2883 1447 2948 solum

322 2984 495 3067 sapientiae
523 2987 692 3070 plenitudo,
719 2987 775 3053 sed
805 2988 900 3056 etiam
931 2990 1032 3076 gratia
1057 2989 1237 3072 prophetiae
1260 2985 1370 3052 diuina
1391 2984 1447 3050 illa

321 3087 537 3154 insufflatione
559 3090 728 3172 transfuso,
750 3091 788 3156 ut
809 3093 962 3158 uniuersis
986 3090 1195 3158 animantibus
1219 3087 1344 3156 uomina
1359 3087 1477 3153 renisu

321 3191 425 3256 adhue
447 3193 558 3257 mundi
579 3193 673 3258 huius
694 3193 856 3260 habitator
885 3197 1046 3280 inponeret
1072 3213 1108 3260 ae
1130 3212 1191 3260 uon
1213 3194 1316 3260 solum
1346 3190 1444 3258 omni·

320 3312 437 3379 genum
459 3295 627 3362 bestiarum
642 3297 734 3379 atque
748 3299 930 3380 serpentum
951 3298 1070 3364 furores
1086 3298 1234 3381 unusque
1250 3295 1443 3370 diseerneret

422 3492 456 3546 15
473 3491 518 3546 Ps.
534 3494 578 3558 81,
596 3495 663 3549 6-1

372 3672 527 3727 lmalitiae
537 3673 596 3728 DP
679 3677 854 3745 niquissimae
869 3676 896 3731 V
977 3677 1194 3733 aobimnwo
1219 3677 1335 3732 atouiP
1358 3675 1444 3730 ottaui

318 3757 351 3810 X
432 3757 529 3813 3iutir
544 3759 571 3813 V
648 3761 705 3817 iilis
716 3762 759 3817 D¹
784 3764 845 3818 illas
861 3763 909 3819 W‘
994 3764 1178 3832 generationes
1194 3764 1232 3820 W
1315 3761 1444 3817 dottima

320 3841 372 3898 ΟΡ
464 3843 481 3897 6
499 3845 602 3914 proptir
625 3847 650 3901 V
741 3850 757 3903 7
775 3849 816 3902 fiii
838 3849 864 3903 V
954 3850 971 3903 8
988 3852 1191 3919 nuneeupautur
1212 3847 1238 3902 V
1331 3849 1347 3903 9
1365 3845 1444 3901 utiles

323 3928 400 3983 V¹D¹
504 3929 538 3985 10
556 3933 586 3984 in
605 3934 730 4003 progenie
751 3936 800 3991 W¹
904 3937 934 3989 11
953 3935 1098 4004 puleritud.
1122 3935 1183 3990 WO
1283 3934 1316 3988 12
1335 3933 1443 3987 sibemet

321 4013 360 4067 7*
461 4030 552 4069 eorum
574 4017 617 4071 D¹
721 4020 755 4073 14
777 4019 905 4074 dirietum
932 4023 959 4076 V
1059 4023 1092 4076 15
1115 4021 1143 4074 di
1165 4021 1192 4076 V
1291 4021 1334 4074 fili
1355 4019 1381 4074 V

274 4136 278 4142 .
318 4099 352 4151 16
371 4102 404 4152 ut
420 4098 542 4156 homines
563 4103 586 4158 0
697 4106 729 4159 17
752 4105 797 4175 ab]
815 4107 853 4160 nli
877 4107 903 4161 V
1012 4108 1046 4163 18
1064 4107 1187 4178 philosoi.
1205 4107 1235 4162 D
1264 4105 1387 4176 filosoph.
1408 4105 1443 4159 W

317 4182 451 4240 illesos-O
528 4189 674 4244 moioribus
693 4191 717 4245 V
800 4193 834 4246 20
846 4208 860 4246 e
871 4194 960 4249 eru-O
1039 4195 1220 4263 subsequutus
1235 4193 1259 4249 0
1342 4193 1372 4248 21
1387 4191 1441 4244 suis

319 4268 358 4324 W
455 4270 641 4344 neronemque
658 4276 685 4329 V
770 4277 938 4348 24proiieiae
956 4277 983 4333 V
1075 4279 1109 4334 16
1122 4295 1198 4335 omne
1210 4295 1294 4349 genus
1305 4279 1377 4333 11Ῥ

316 4353 350 4408 27
361 4354 447 4425 adque
463 4357 516 4412 VP
610 4365 764 4430 serpentum
779 4363 843 4418 VP:
868 4365 1030 4434 serpentium
1042 4365 1101 4420 reti.
1120 4383 1137 4422 o
1234 4366 1338 4420 iururea
1354 4363 1381 4418 V
