3009 5200
316 460 380 527 333
701 454 870 511 Iobsnnis
892 455 1052 511 cessioni

317 668 363 727 es,
399 652 453 716 sed
490 668 529 714 ne
565 649 720 715 nominari
756 647 885 731 quidem
917 650 951 713 iu
983 647 1073 715 uobis
1109 646 1222 714 debere
1258 647 1441 729 pronuntiet

318 752 557 833 fornicatio,
579 753 730 834 inquiens,
754 753 792 816 ot
811 750 938 816 omnia
959 750 1207 816 inmunditia
1227 749 1441 815 autscari-

318 857 377 922 tia
412 873 481 922 uec
517 855 743 920 nominetur
777 856 817 919 iu
854 856 983 934 uobis,
1021 856 1091 919 aut
1125 854 1335 937 turpitudo
1369 855 1441 917 ant

319 957 617 1041 stultiloquium
638 959 707 1022 ant
727 956 976 1037 scurrilitas,
991 975 1089 1040 quae
1110 959 1157 1023 ad
1174 975 1256 1021 rem
1270 974 1342 1021 nou
1356 972 1441 1037 per·

318 1062 458 1126 tinent.
496 1078 575 1143 quae
608 1060 703 1124 etiam
737 1063 806 1141 pari
833 1060 925 1124 modo
951 1061 1125 1142 peruiciosa
1158 1080 1227 1126 esse
1255 1063 1287 1125 et
1315 1058 1472 1143 aequalis

288 1164 372 1229 3nos
401 1183 421 1228 a
446 1181 544 1246 regno
572 1163 622 1228 dei
655 1162 830 1228 exclusione
858 1163 1015 1245 depellere
1047 1165 1155 1229 edocet
1181 1165 1303 1229 dicens:
1333 1160 1441 1227 illud

318 1270 445 1331 eutem
466 1266 626 1349 scitote,
655 1267 753 1349 qnod
782 1267 911 1330 omnis
938 1265 1162 1332 fornicator
1191 1269 1262 1332 ant
1287 1267 1442 1331 inmun·

319 1369 388 1433 dus
416 1371 485 1435 aut
512 1387 668 1446 auarus,
694 1369 798 1451 quod
824 1373 884 1434 est
911 1367 1106 1433 idolorum
1138 1369 1337 1446 seruitus,
1368 1386 1442 1433 uou

320 1471 436 1537 habet
463 1471 736 1537 hereditatem
770 1472 809 1535 in
836 1488 955 1555 reguo
984 1469 1138 1536 Christi
1165 1475 1205 1537 et
1230 1473 1309 1553 dei,
1331 1475 1366 1537 et
1387 1473 1442 1535 ite-

319 1593 404 1640 rum:
437 1575 563 1639 nolite
595 1593 741 1640 errare:
772 1593 897 1656 neque
924 1573 1140 1640 fornicarii
1169 1593 1292 1658 neque
1317 1573 1474 1640 idolisro

319 1677 540 1742 seruientes
579 1694 704 1759 nequo
750 1677 928 1744 adulteri
970 1696 1092 1760 neque
1133 1677 1278 1743 molles
1320 1695 1442 1760 neque

319 1777 582 1844 masculorum
603 1779 889 1846 concubituros
911 1799 1041 1864 neque
1062 1781 1172 1846 fures
1193 1799 1317 1862 neque
1332 1781 1443 1846 anari

320 1901 445 1966 nequa
475 1881 623 1948 ebriosi
650 1901 774 1966 neque
802 1883 990 1949 maledici
1016 1901 1142 1965 nequa
1168 1901 1333 1967 rapaces
1361 1901 1467 1967 reg·-

320 2003 409 2050 num
438 1986 503 2051 dei
528 1984 803 2068 possidebunt
839 1984 971 2050 dubium
1002 1987 1133 2068 proinde
1164 2005 1232 2051 esse
1259 2004 1322 2052 uon
1351 1986 1444 2051 debet

321 2087 537 2154 fornicationis
558 2091 590 2153 et
611 2087 820 2153 inmunditiae
841 2088 880 2152 de
901 2088 1052 2155 membris
1073 2092 1191 2154 uostris
1213 2089 1334 2154 aboleri
1355 2109 1473 2174 possse

321 2192 511 2276 contagium,
552 2191 801 2274 quandoquidem
835 2209 898 2256 non
935 2191 1029 2257 aliter
1064 2209 1103 2258 ea
1136 2211 1231 2276 quam
1267 2195 1442 2270 annitiam,

321 2294 564 2377 stultiloquium,
608 2295 844 2373 scurrilitatem,
879 2296 1065 2362 ebrietatem
1101 2314 1139 2361 ac
1174 2295 1267 2375 furta
1311 2313 1442 2378 quorum

321 2397 424 2464 facilis
445 2397 620 2482 amputatio
642 2403 700 2478 set,
722 2399 922 2465 mandauerit
942 2399 1140 2465 abscidenda

363 2519 442 2584 1111.
471 2517 580 2585 Certos
608 2523 715 2586 tamen
742 2539 892 2586 essenos
918 2523 1074 2600 conuenit
1104 2522 1196 2604 quod,
1222 2521 1299 2586 lieet
1319 2540 1442 2587 omnem

321 2624 530 2691 continentiae
558 2625 797 2708 astrictionem,
826 2626 944 2693 tamem
971 2627 1094 2693 scilicet
1121 2644 1159 2691 ac
1186 2628 1289 2704 sitem,
1314 2626 1472 2710 uigiliasro

322 2744 444 2809 quoqne
464 2729 498 2791 et
512 2729 615 2809 operis
628 2730 795 2812 iugitatem
809 2732 905 2813 atque
922 2730 1110 2796 incessabile
1123 2729 1289 2794 subeamus
1302 2730 1443 2795 studium

322 2829 476 2904 lectionis,
519 2836 704 2913 perpetuam
740 2836 846 2897 tamen
881 2832 1086 2898 castimoniae
1128 2834 1297 2916 puritatem
1333 2832 1442 2897 borum

323 2931 464 2997 laborum
496 2935 608 2999 merito
640 2934 819 3018 contingere
851 2954 1051 3019 nequeamus,
1083 2935 1147 3001 uisi
1179 2936 1213 3001 iu
1245 2936 1294 3000 bis
1329 2935 1444 3019 iugiter

322 3034 508 3099 deonotus
537 3036 743 3119 experientiae
771 3038 954 3120 mugisteno
984 3042 1151 3105 doceamur
1182 3039 1442 3121 incorruptionem

293 3136 389 3202 icius
411 3139 535 3203 diuinae
556 3140 675 3223 gratiae
695 3139 843 3224 largitate
864 3141 1003 3206 concedi
1034 3142 1075 3205 ob
1088 3142 1147 3207 boc
1160 3158 1238 3207 saue
1251 3140 1472 3208 solummodos

324 3258 356 3303 se
377 3241 588 3323 uuusquisque
608 3242 848 3326 iniah'qubiliter
868 3244 901 3307 iu
915 3244 965 3309 bia
978 3242 1136 3310 mundtiis
1150 3244 1318 3328 perdurate
1332 3244 1444 3310 debere

324 3350 498 3428 cognoscat,
527 3349 564 3411 nt
591 3364 647 3428 per
673 3348 802 3413 illorum
823 3346 1037 3415 adflictionem
1064 3348 1308 3415 misericordiam
1328 3344 1443 3415 domiui

324 3452 509 3514 consecutus
551 3452 590 3515 de
632 3451 857 3537 inpugnatione
900 3455 1005 3519 caruis
1039 3472 1076 3519 ac
1110 3453 1321 3520 dominatione
1356 3470 1443 3539 prae-

425 3670 660 3741 2pr5,3-4
761 3674 893 3731 dte-b
994 3675 1283 3741 relocato-lo

377 3877 487 3932 lein
569 3878 819 3934 uincuntur
899 3878 1119 3935 decurilitaell
1200 3884 1379 3951 pertinet‘l‘c

323 3962 689 4021 omoeeuswdoeetu‘
785 3966 1029 4022 'lioruicuturll¹
1133 3967 1381 4023 lodomieartzo

324 4047 359 4102 12
375 4049 482 4103 mascol.
498 4049 529 4101 Π
614 4050 647 4105 13
663 4066 749 4120 neque
760 4050 862 4106 ebriosi
877 4068 929 4107 on.
947 4052 1016 4105 ΣΠι
1041 4053 1379 4119 utqtiasruebrietatem

324 4148 409 4202 nequa
425 4134 539 4190 maledici
555 4152 640 4205 neque
656 4136 774 4192 bebrioai
798 4136 825 4191 0
908 4139 943 4192 17
967 4140 1147 4194 scurilitatam
1172 4138 1205 4191 Π
1302 4138 1337 4193 18
1359 4132 1441 4190 abati·

324 4218 462 4274 unduO
560 4221 817 4278 wdestrictlo
917 4218 1441 4290 nemmninnmoffllt

325 4307 389 4369 Μ
489 4308 671 4379 Ήοὴυοο
771 4310 972 4365 inamabilis?
1072 4310 1380 4383 udinoenuptionew

324 4390 516 4448 tommo
615 4396 919 4466 itoomequutust'o
