<?xml version="1.0" encoding="UTF-8"?>
<!DOCTYPE html PUBLIC "-//W3C//DTD XHTML 1.0 Transitional//EN"
    "http://www.w3.org/TR/xhtml1/DTD/xhtml1-transitional.dtd">
<html xmlns="http://www.w3.org/1999/xhtml" xml:lang="en" lang="en">
 <head>
  <title>
</title>
<meta http-equiv="Content-Type" content="text/html;charset=utf-8" />
  <meta name='ocr-system' content='tesseract 3.04.00' />
  <meta name='ocr-capabilities' content='ocr_page ocr_carea ocr_par ocr_line ocrx_word'/>
</head>
<body>
  <div class='ocr_page' id='page_1' title='image "./corpusscriptoru14wiengoog_0132.png"; bbox 0 0 3009 5200; ppageno 0'>
   <div class='ocr_carea' id='block_1_1' title="bbox 669 427 1007 484">
    <p class='ocr_par' dir='ltr' id='par_1_1' title="bbox 669 427 1007 484">
     <span class='ocr_line' id='line_1_1' title="bbox 669 427 1007 484; baseline -0.009 -1"><span class='ocrx_word' id='word_1_1' title='bbox 669 428 833 483; x_wconf 73' lang='lat' dir='ltr'><strong>Iohannis</strong></span> <span class='ocrx_word' id='word_1_2' title='bbox 850 427 1007 484; x_wconf 80' lang='lat' dir='ltr'><strong>Cassiani</strong></span> 
     </span>
    </p>
   </div>
   <div class='ocr_carea' id='block_1_2' title="bbox 794 1147 878 1230">
    <p class='ocr_par' dir='ltr' id='par_1_2' title="bbox 794 1147 878 1230">
     <span class='ocr_line' id='line_1_2' title="bbox 794 1147 878 1230; baseline 0 0"><span class='ocrx_word' id='word_1_3' title='bbox 794 1147 878 1230; x_wconf 87' lang='grc' dir='ltr'><strong>ΙΙΠ.</strong></span> 
     </span>
    </p>
   </div>
   <div class='ocr_carea' id='block_1_3' title="bbox 320 1366 1354 1658">
    <p class='ocr_par' dir='ltr' id='par_1_3' title="bbox 320 1366 1354 1658">
     <span class='ocr_line' id='line_1_3' title="bbox 320 1366 1354 1470; baseline -0.008 -1"><span class='ocrx_word' id='word_1_4' title='bbox 320 1369 631 1470; x_wconf 81' lang='lat' dir='ltr'><strong>CONLATIO</strong></span> <span class='ocrx_word' id='word_1_5' title='bbox 672 1368 950 1466; x_wconf 82' lang='lat' dir='ltr'><strong>ABBATIS</strong></span> <span class='ocrx_word' id='word_1_6' title='bbox 988 1366 1354 1465; x_wconf 80' lang='lat' dir='ltr'><strong>DANIHELIS.</strong></span> 
     </span>
     <span class='ocr_line' id='line_1_4' title="bbox 375 1589 1294 1658; baseline -0.004 0"><span class='ocrx_word' id='word_1_7' title='bbox 375 1591 430 1658; x_wconf 86' lang='lat' dir='ltr'><strong>on</strong></span> <span class='ocrx_word' id='word_1_8' title='bbox 457 1589 819 1658; x_wconf 71' lang='lat' dir='ltr'><strong>oouovnisonu‘nn</strong></span> <span class='ocrx_word' id='word_1_9' title='bbox 845 1589 999 1656; x_wconf 71' lang='lat' dir='ltr'><strong>cannis</strong></span> <span class='ocrx_word' id='word_1_10' title='bbox 1021 1589 1076 1656; x_wconf 75' lang='lat' dir='ltr'><strong>Ac</strong></span> <span class='ocrx_word' id='word_1_11' title='bbox 1098 1589 1294 1657; x_wconf 74' lang='lat' dir='ltr'><strong>seniove.</strong></span> 
     </span>
    </p>
   </div>
   <div class='ocr_carea' id='block_1_4' title="bbox 711 1827 958 1914">
    <p class='ocr_par' dir='ltr' id='par_1_4' title="bbox 711 1827 958 1914">
     <span class='ocr_line' id='line_1_5' title="bbox 711 1827 958 1914; baseline -0.012 0"><span class='ocrx_word' id='word_1_12' title='bbox 711 1827 958 1914; x_wconf 75' lang='lat' dir='ltr'><strong>CAPITVLA.</strong></span> 
     </span>
    </p>
   </div>
   <div class='ocr_carea' id='block_1_5' title="bbox 367 2019 1412 2292">
    <p class='ocr_par' dir='ltr' id='par_1_5' title="bbox 367 2019 1412 2292">
     <span class='ocr_line' id='line_1_6' title="bbox 384 2019 910 2086; baseline 0.002 -2"><span class='ocrx_word' id='word_1_13' title='bbox 384 2021 411 2084; x_wconf 94' lang='grc' dir='ltr'><strong>Ι.</strong></span> <span class='ocrx_word' id='word_1_14' title='bbox 433 2023 480 2086; x_wconf 92' lang='lat' dir='ltr'><strong>De</strong></span> <span class='ocrx_word' id='word_1_15' title='bbox 501 2021 568 2086; x_wconf 87' lang='lat' dir='ltr'><strong>uita</strong></span> <span class='ocrx_word' id='word_1_16' title='bbox 590 2020 714 2086; x_wconf 89' lang='lat' dir='ltr'><strong>abbatis</strong></span> <span class='ocrx_word' id='word_1_17' title='bbox 737 2019 910 2086; x_wconf 75' lang='lat' dir='ltr'><strong>Danihelis.</strong></span> 
     </span>
     <span class='ocr_line' id='line_1_7' title="bbox 367 2122 1412 2206; baseline -0.001 -17"><span class='ocrx_word' id='word_1_18' title='bbox 367 2125 410 2189; x_wconf 90' lang='lat' dir='ltr'><strong>II.</strong></span> <span class='ocrx_word' id='word_1_19' title='bbox 434 2123 598 2206; x_wconf 76' lang='lat' dir='ltr'><strong>Inquisitio</strong></span> <span class='ocrx_word' id='word_1_20' title='bbox 621 2124 702 2188; x_wconf 90' lang='lat' dir='ltr'><strong>unde</strong></span> <span class='ocrx_word' id='word_1_21' title='bbox 724 2123 842 2188; x_wconf 84' lang='lat' dir='ltr'><strong>oriatur</strong></span> <span class='ocrx_word' id='word_1_22' title='bbox 860 2122 1023 2205; x_wconf 74' lang='lat' dir='ltr'><strong>repentim</strong></span> <span class='ocrx_word' id='word_1_23' title='bbox 1038 2123 1229 2189; x_wconf 78' lang='lat' dir='ltr'><strong>conmutatio</strong></span> <span class='ocrx_word' id='word_1_24' title='bbox 1244 2126 1412 2190; x_wconf 88' lang='lat' dir='ltr'><strong>mentium</strong></span> 
     </span>
     <span class='ocr_line' id='line_1_8' title="bbox 435 2225 1409 2292; baseline 0 -2"><span class='ocrx_word' id='word_1_25' title='bbox 435 2227 474 2290; x_wconf 89' lang='lat' dir='ltr'><strong>ab</strong></span> <span class='ocrx_word' id='word_1_26' title='bbox 486 2227 633 2292; x_wconf 86' lang='lat' dir='ltr'><strong>ineffabili</strong></span> <span class='ocrx_word' id='word_1_27' title='bbox 646 2227 769 2291; x_wconf 85' lang='lat' dir='ltr'><strong>laetitia</strong></span> <span class='ocrx_word' id='word_1_28' title='bbox 779 2225 813 2288; x_wconf 94' lang='lat' dir='ltr'><strong>in</strong></span> <span class='ocrx_word' id='word_1_29' title='bbox 822 2225 1064 2290; x_wconf 79' lang='lat' dir='ltr'><strong>maestissimum</strong></span> <span class='ocrx_word' id='word_1_30' title='bbox 1074 2227 1172 2291; x_wconf 70' lang='lat' dir='ltr'><strong>ammi</strong></span> <span class='ocrx_word' id='word_1_31' title='bbox 1181 2227 1409 2292; x_wconf 81' lang='lat' dir='ltr'><strong>deiectionem.</strong></span> 
     </span>
    </p>
   </div>
   <div class='ocr_carea' id='block_1_6' title="bbox 334 2330 1408 2516">
    <p class='ocr_par' dir='ltr' id='par_1_6' title="bbox 334 2330 1408 2516">
     <span class='ocr_line' id='line_1_9' title="bbox 349 2330 1103 2412; baseline -0.003 -18"><span class='ocrx_word' id='word_1_32' title='bbox 349 2330 408 2394; x_wconf 93' lang='lat' dir='ltr'>III.</span> <span class='ocrx_word' id='word_1_33' title='bbox 432 2331 601 2412; x_wconf 70' lang='lat' dir='ltr'><strong>Responsio</strong></span> <span class='ocrx_word' id='word_1_34' title='bbox 623 2347 714 2412; x_wconf 83' lang='lat' dir='ltr'><strong>super</strong></span> <span class='ocrx_word' id='word_1_35' title='bbox 735 2330 894 2412; x_wconf 88' lang='lat' dir='ltr'><strong>proposita</strong></span> <span class='ocrx_word' id='word_1_36' title='bbox 914 2331 1103 2411; x_wconf 87' lang='lat' dir='ltr'><strong>quaestione.</strong></span> 
     </span>
     <span class='ocr_line' id='line_1_10' title="bbox 334 2431 1408 2516; baseline 0 -20"><span class='ocrx_word' id='word_1_37' title='bbox 334 2432 409 2498; x_wconf 93' lang='lat' dir='ltr'><strong>IIII.</strong></span> <span class='ocrx_word' id='word_1_38' title='bbox 434 2431 523 2511; x_wconf 81' lang='lat' dir='ltr'><strong>Quod</strong></span> <span class='ocrx_word' id='word_1_39' title='bbox 538 2433 773 2516; x_wconf 75' lang='lat' dir='ltr'><strong>disponsationis</strong></span> <span class='ocrx_word' id='word_1_40' title='bbox 789 2432 1030 2514; x_wconf 77' lang='lat' dir='ltr'><strong>approbationis</strong></span> <span class='ocrx_word' id='word_1_41' title='bbox 1046 2432 1096 2497; x_wconf 89' lang='lat' dir='ltr'><strong>dei</strong></span> <span class='ocrx_word' id='word_1_42' title='bbox 1111 2432 1223 2514; x_wconf 83' lang='lat' dir='ltr'><strong>duplex</strong></span> <span class='ocrx_word' id='word_1_43' title='bbox 1238 2449 1330 2498; x_wconf 86' lang='lat' dir='ltr'><strong>eausa</strong></span> <span class='ocrx_word' id='word_1_44' title='bbox 1341 2433 1408 2497; x_wconf 84' lang='lat' dir='ltr'><strong>sit.</strong></span> 
     </span>
    </p>
   </div>
   <div class='ocr_carea' id='block_1_7' title="bbox 304 2534 1405 3851">
    <p class='ocr_par' dir='ltr' id='par_1_7' title="bbox 354 2534 1405 2823">
     <span class='ocr_line' id='line_1_11' title="bbox 373 2534 1405 2617; baseline 0 -16"><span class='ocrx_word' id='word_1_45' title='bbox 373 2535 411 2601; x_wconf 89' lang='lat' dir='ltr'><strong>V.</strong></span> <span class='ocrx_word' id='word_1_46' title='bbox 435 2535 524 2617; x_wconf 86' lang='lat' dir='ltr'><strong>Quod</strong></span> <span class='ocrx_word' id='word_1_47' title='bbox 546 2537 684 2602; x_wconf 87' lang='lat' dir='ltr'><strong>studium</strong></span> <span class='ocrx_word' id='word_1_48' title='bbox 708 2540 739 2600; x_wconf 85' lang='lat' dir='ltr'><strong>et</strong></span> <span class='ocrx_word' id='word_1_49' title='bbox 761 2534 914 2601; x_wconf 87' lang='lat' dir='ltr'><strong>industrie</strong></span> <span class='ocrx_word' id='word_1_50' title='bbox 932 2536 1040 2601; x_wconf 85' lang='lat' dir='ltr'><strong>nostra</strong></span> <span class='ocrx_word' id='word_1_51' title='bbox 1061 2535 1141 2601; x_wconf 91' lang='lat' dir='ltr'><strong>nihil</strong></span> <span class='ocrx_word' id='word_1_52' title='bbox 1158 2537 1225 2601; x_wconf 88' lang='lat' dir='ltr'><strong>sine</strong></span> <span class='ocrx_word' id='word_1_53' title='bbox 1240 2535 1405 2603; x_wconf 87' lang='lat' dir='ltr'><strong>adiutorio</strong></span> 
     </span>
     <span class='ocr_line' id='line_1_12' title="bbox 433 2640 691 2722; baseline 0 -17"><span class='ocrx_word' id='word_1_54' title='bbox 433 2640 482 2705; x_wconf 85' lang='lat' dir='ltr'><strong>dei</strong></span> <span class='ocrx_word' id='word_1_55' title='bbox 503 2641 691 2722; x_wconf 78' lang='lat' dir='ltr'><strong>praeualeat.</strong></span> 
     </span>
     <span class='ocr_line' id='line_1_13' title="bbox 354 2740 1401 2823; baseline -0.001 -16"><span class='ocrx_word' id='word_1_56' title='bbox 354 2740 410 2807; x_wconf 84' lang='lat' dir='ltr'><strong>VI.</strong></span> <span class='ocrx_word' id='word_1_57' title='bbox 433 2742 521 2822; x_wconf 81' lang='lat' dir='ltr'><strong>Quod</strong></span> <span class='ocrx_word' id='word_1_58' title='bbox 549 2743 627 2806; x_wconf 89' lang='lat' dir='ltr'><strong>utile</strong></span> <span class='ocrx_word' id='word_1_59' title='bbox 653 2741 741 2807; x_wconf 87' lang='lat' dir='ltr'><strong>nobis</strong></span> <span class='ocrx_word' id='word_1_60' title='bbox 771 2741 814 2807; x_wconf 88' lang='lat' dir='ltr'><strong>sit</strong></span> <span class='ocrx_word' id='word_1_61' title='bbox 839 2742 998 2807; x_wconf 90' lang='lat' dir='ltr'><strong>interdum</strong></span> <span class='ocrx_word' id='word_1_62' title='bbox 1021 2762 1040 2806; x_wconf 92' lang='lat' dir='ltr'><strong>a</strong></span> <span class='ocrx_word' id='word_1_63' title='bbox 1062 2742 1188 2808; x_wconf 89' lang='lat' dir='ltr'><strong>domino</strong></span> <span class='ocrx_word' id='word_1_64' title='bbox 1210 2740 1401 2823; x_wconf 78' lang='lat' dir='ltr'><strong>derelinqui.</strong></span> 
     </span>
    </p>

    <p class='ocr_par' dir='ltr' id='par_1_8' title="bbox 341 2844 1401 3029">
     <span class='ocr_line' id='line_1_14' title="bbox 341 2844 1401 2927; baseline 0.002 -20"><span class='ocrx_word' id='word_1_65' title='bbox 341 2844 410 2907; x_wconf 88' lang='lat' dir='ltr'><strong>VII.</strong></span> <span class='ocrx_word' id='word_1_66' title='bbox 434 2844 481 2909; x_wconf 91' lang='lat' dir='ltr'><strong>De</strong></span> <span class='ocrx_word' id='word_1_67' title='bbox 513 2845 651 2910; x_wconf 84' lang='lat' dir='ltr'><strong>utilitate</strong></span> <span class='ocrx_word' id='word_1_68' title='bbox 684 2846 750 2910; x_wconf 83' lang='lat' dir='ltr'><strong>eius</strong></span> <span class='ocrx_word' id='word_1_69' title='bbox 784 2863 906 2927; x_wconf 82' lang='lat' dir='ltr'><strong>pugnae</strong></span> <span class='ocrx_word' id='word_1_70' title='bbox 936 2862 1029 2927; x_wconf 87' lang='lat' dir='ltr'><strong>quam</strong></span> <span class='ocrx_word' id='word_1_71' title='bbox 1058 2844 1216 2926; x_wconf 88' lang='lat' dir='ltr'><strong>apostolus</strong></span> <span class='ocrx_word' id='word_1_72' title='bbox 1244 2844 1331 2927; x_wconf 91' lang='lat' dir='ltr'><strong>ponit</strong></span> <span class='ocrx_word' id='word_1_73' title='bbox 1360 2844 1401 2909; x_wconf 90' lang='lat' dir='ltr'><strong>in</strong></span> 
     </span>
     <span class='ocr_line' id='line_1_15' title="bbox 436 2947 1006 3029; baseline 0 -18"><span class='ocrx_word' id='word_1_74' title='bbox 436 2948 666 3012; x_wconf 87' lang='lat' dir='ltr'><strong>oonluotatione</strong></span> <span class='ocrx_word' id='word_1_75' title='bbox 688 2949 791 3013; x_wconf 86' lang='lat' dir='ltr'><strong>earnis</strong></span> <span class='ocrx_word' id='word_1_76' title='bbox 814 2950 846 3011; x_wconf 88' lang='lat' dir='ltr'><strong>et</strong></span> <span class='ocrx_word' id='word_1_77' title='bbox 866 2947 1006 3029; x_wconf 85' lang='lat' dir='ltr'><strong>spiritus.</strong></span> 
     </span>
    </p>

    <p class='ocr_par' dir='ltr' id='par_1_9' title="bbox 325 3048 1400 3321">
     <span class='ocr_line' id='line_1_16' title="bbox 325 3048 1400 3134; baseline 0 -21"><span class='ocrx_word' id='word_1_78' title='bbox 325 3048 413 3113; x_wconf 90' lang='lat' dir='ltr'><strong>VIII.</strong></span> <span class='ocrx_word' id='word_1_79' title='bbox 436 3049 654 3133; x_wconf 76' lang='lat' dir='ltr'><strong>interrogatio,</strong></span> <span class='ocrx_word' id='word_1_80' title='bbox 684 3051 759 3134; x_wconf 92' lang='lat' dir='ltr'><strong>quid</strong></span> <span class='ocrx_word' id='word_1_81' title='bbox 786 3054 827 3115; x_wconf 88' lang='lat' dir='ltr'><strong>sit</strong></span> <span class='ocrx_word' id='word_1_82' title='bbox 855 3050 937 3132; x_wconf 89' lang='lat' dir='ltr'><strong>quod</strong></span> <span class='ocrx_word' id='word_1_83' title='bbox 959 3052 990 3114; x_wconf 94' lang='lat' dir='ltr'><strong>in</strong></span> <span class='ocrx_word' id='word_1_84' title='bbox 1014 3049 1150 3131; x_wconf 84' lang='lat' dir='ltr'><strong>eapitulo</strong></span> <span class='ocrx_word' id='word_1_85' title='bbox 1172 3050 1302 3131; x_wconf 89' lang='lat' dir='ltr'><strong>apostoli</strong></span> <span class='ocrx_word' id='word_1_86' title='bbox 1324 3054 1400 3132; x_wconf 86' lang='lat' dir='ltr'><strong>post</strong></span> 
     </span>
     <span class='ocr_line' id='line_1_17' title="bbox 434 3150 1398 3235; baseline 0.002 -21"><span class='ocrx_word' id='word_1_87' title='bbox 434 3150 634 3218; x_wconf 85' lang='lat' dir='ltr'><strong>aduersantes</strong></span> <span class='ocrx_word' id='word_1_88' title='bbox 668 3153 730 3219; x_wconf 86' lang='lat' dir='ltr'><strong>eibi</strong></span> <span class='ocrx_word' id='word_1_89' title='bbox 766 3153 1032 3235; x_wconf 84' lang='lat' dir='ltr'><strong>oonenpiseentias</strong></span> <span class='ocrx_word' id='word_1_90' title='bbox 1065 3150 1167 3217; x_wconf 86' lang='lat' dir='ltr'><strong>carnis</strong></span> <span class='ocrx_word' id='word_1_91' title='bbox 1201 3156 1233 3217; x_wconf 88' lang='lat' dir='ltr'><strong>ot</strong></span> <span class='ocrx_word' id='word_1_92' title='bbox 1266 3151 1398 3235; x_wconf 74' lang='lat' dir='ltr'><strong>spiritus</strong></span> 
     </span>
     <span class='ocr_line' id='line_1_18' title="bbox 434 3255 884 3321; baseline 0.002 -3"><span class='ocrx_word' id='word_1_93' title='bbox 434 3255 528 3319; x_wconf 85' lang='lat' dir='ltr'><strong>tertie</strong></span> <span class='ocrx_word' id='word_1_94' title='bbox 550 3256 703 3321; x_wconf 81' lang='lat' dir='ltr'><strong>adiciatur</strong></span> <span class='ocrx_word' id='word_1_95' title='bbox 729 3256 884 3321; x_wconf 75' lang='lat' dir='ltr'><strong>uoluntas.</strong></span> 
     </span>
    </p>

    <p class='ocr_par' dir='ltr' id='par_1_10' title="bbox 304 3355 1208 3441">
     <span class='ocr_line' id='line_1_19' title="bbox 304 3355 1208 3441; baseline 0.003 -19"><span class='ocrx_word' id='word_1_96' title='bbox 304 3355 409 3422; x_wconf 84' lang='lat' dir='ltr'><strong>VIIII.</strong></span> <span class='ocrx_word' id='word_1_97' title='bbox 434 3356 600 3439; x_wconf 87' lang='lat' dir='ltr'><strong>Responsio</strong></span> <span class='ocrx_word' id='word_1_98' title='bbox 623 3359 660 3423; x_wconf 86' lang='lat' dir='ltr'><strong>de</strong></span> <span class='ocrx_word' id='word_1_99' title='bbox 682 3359 847 3425; x_wconf 78' lang='lat' dir='ltr'><strong>intellectu</strong></span> <span class='ocrx_word' id='word_1_100' title='bbox 870 3360 953 3424; x_wconf 85' lang='lat' dir='ltr'><strong>reete</strong></span> <span class='ocrx_word' id='word_1_101' title='bbox 976 3358 1208 3441; x_wconf 82' lang='lat' dir='ltr'><strong>interrogantis.</strong></span> 
     </span>
    </p>

    <p class='ocr_par' dir='ltr' id='par_1_11' title="bbox 370 3459 1398 3645">
     <span class='ocr_line' id='line_1_20' title="bbox 370 3459 1398 3544; baseline 0.002 -21"><span class='ocrx_word' id='word_1_102' title='bbox 370 3459 409 3524; x_wconf 89' lang='lat' dir='ltr'><strong>X.</strong></span> <span class='ocrx_word' id='word_1_103' title='bbox 433 3460 520 3541; x_wconf 84' lang='lat' dir='ltr'><strong>Quod</strong></span> <span class='ocrx_word' id='word_1_104' title='bbox 552 3462 739 3527; x_wconf 77' lang='lat' dir='ltr'><strong>uocabulum</strong></span> <span class='ocrx_word' id='word_1_105' title='bbox 776 3464 875 3527; x_wconf 74' lang='lat' dir='ltr'><strong>earne</strong></span> <span class='ocrx_word' id='word_1_106' title='bbox 907 3479 969 3526; x_wconf 91' lang='lat' dir='ltr'><strong>non</strong></span> <span class='ocrx_word' id='word_1_107' title='bbox 1002 3462 1036 3526; x_wconf 94' lang='lat' dir='ltr'><strong>in</strong></span> <span class='ocrx_word' id='word_1_108' title='bbox 1068 3479 1132 3526; x_wconf 91' lang='lat' dir='ltr'><strong>una</strong></span> <span class='ocrx_word' id='word_1_109' title='bbox 1167 3460 1398 3544; x_wconf 79' lang='lat' dir='ltr'><strong>significatione</strong></span> 
     </span>
     <span class='ocr_line' id='line_1_21' title="bbox 433 3564 575 3645; baseline 0.007 -18"><span class='ocrx_word' id='word_1_110' title='bbox 433 3564 575 3645; x_wconf 87' lang='lat' dir='ltr'><strong>ponatur.</strong></span> 
     </span>
    </p>

    <p class='ocr_par' dir='ltr' id='par_1_12' title="bbox 354 3665 1396 3851">
     <span class='ocr_line' id='line_1_22' title="bbox 354 3665 1396 3751; baseline 0 -21"><span class='ocrx_word' id='word_1_111' title='bbox 354 3666 409 3731; x_wconf 86' lang='lat' dir='ltr'><strong>XI.</strong></span> <span class='ocrx_word' id='word_1_112' title='bbox 434 3666 515 3746; x_wconf 83' lang='lat' dir='ltr'><strong>Quid</strong></span> <span class='ocrx_word' id='word_1_113' title='bbox 537 3668 570 3731; x_wconf 93' lang='lat' dir='ltr'><strong>in</strong></span> <span class='ocrx_word' id='word_1_114' title='bbox 593 3668 651 3732; x_wconf 88' lang='lat' dir='ltr'><strong>hoo</strong></span> <span class='ocrx_word' id='word_1_115' title='bbox 672 3667 739 3733; x_wconf 89' lang='lat' dir='ltr'><strong>loeo</strong></span> <span class='ocrx_word' id='word_1_116' title='bbox 763 3686 834 3733; x_wconf 87' lang='lat' dir='ltr'><strong>earo</strong></span> <span class='ocrx_word' id='word_1_117' title='bbox 856 3668 895 3732; x_wconf 89' lang='lat' dir='ltr'><strong>ab</strong></span> <span class='ocrx_word' id='word_1_118' title='bbox 918 3666 1056 3751; x_wconf 87' lang='lat' dir='ltr'><strong>apostolo</strong></span> <span class='ocrx_word' id='word_1_119' title='bbox 1077 3665 1256 3731; x_wconf 84' lang='lat' dir='ltr'><strong>nominetur</strong></span> <span class='ocrx_word' id='word_1_120' title='bbox 1271 3667 1302 3730; x_wconf 92' lang='lat' dir='ltr'><strong>et</strong></span> <span class='ocrx_word' id='word_1_121' title='bbox 1317 3665 1396 3747; x_wconf 88' lang='lat' dir='ltr'><strong>quid</strong></span> 
     </span>
     <span class='ocr_line' id='line_1_23' title="bbox 431 3770 877 3851; baseline 0 -19"><span class='ocrx_word' id='word_1_122' title='bbox 431 3770 473 3832; x_wconf 87' lang='lat' dir='ltr'><strong>sit</strong></span> <span class='ocrx_word' id='word_1_123' title='bbox 495 3771 743 3851; x_wconf 83' lang='lat' dir='ltr'><strong>oonoupisosntio</strong></span> <span class='ocrx_word' id='word_1_124' title='bbox 764 3770 877 3834; x_wconf 82' lang='lat' dir='ltr'><strong>earnis.</strong></span> 
     </span>
    </p>
   </div>
   <div class='ocr_carea' id='block_1_8' title="bbox 267 4003 1399 4418">
    <p class='ocr_par' dir='ltr' id='par_1_13' title="bbox 267 4003 1399 4418">
     <span class='ocr_line' id='line_1_24' title="bbox 320 4003 1399 4060; baseline -0.002 -2"><span class='ocrx_word' id='word_1_125' title='bbox 320 4004 337 4058; x_wconf 88' lang='grc'><strong>5</strong></span> <span class='ocrx_word' id='word_1_126' title='bbox 355 4004 469 4058; x_wconf 86' lang='lat' dir='ltr'><strong>danielis</strong></span> <span class='ocrx_word' id='word_1_127' title='bbox 489 4003 512 4060; x_wconf 89' lang='lat'><em>0</em></span> <span class='ocrx_word' id='word_1_128' title='bbox 603 4004 643 4059; x_wconf 87' lang='lat' dir='ltr'><strong>De</strong></span> <span class='ocrx_word' id='word_1_129' title='bbox 660 4005 768 4060; x_wconf 83' lang='lat' dir='ltr'><strong>abbatia</strong></span> <span class='ocrx_word' id='word_1_130' title='bbox 785 4004 900 4059; x_wconf 76' lang='lat' dir='ltr'><strong>danidis</strong></span> <span class='ocrx_word' id='word_1_131' title='bbox 918 4005 1119 4060; x_wconf 76' lang='lat' dir='ltr'><strong>sunnennotiono</strong></span> <span class='ocrx_word' id='word_1_132' title='bbox 1135 4004 1168 4059; x_wconf 84' lang='lat' dir='ltr'><em>X</em></span> <span class='ocrx_word' id='word_1_133' title='bbox 1260 4006 1278 4059; x_wconf 83' lang='lat'><strong>6</strong></span> <span class='ocrx_word' id='word_1_134' title='bbox 1294 4005 1399 4057; x_wconf 62' lang='lat' dir='ltr'><strong>oriatur</strong></span> 
     </span>
     <span class='ocr_line' id='line_1_25' title="bbox 269 4090 1326 4158; baseline 0 -14"><span class='ocrx_word' id='word_1_135' title='bbox 269 4090 296 4156; x_wconf 86' lang='lat' dir='ltr'><strong>(a</strong></span> <span class='ocrx_word' id='word_1_136' title='bbox 308 4094 390 4155; x_wconf 83' lang='lat' dir='ltr'><strong>erue.)</strong></span> <span class='ocrx_word' id='word_1_137' title='bbox 409 4091 439 4144; x_wconf 91' lang='lat' dir='ltr'><strong><em>D</em></strong></span> <span class='ocrx_word' id='word_1_138' title='bbox 516 4090 648 4145; x_wconf 85' lang='lat' dir='ltr'><strong>mentium</strong></span> <span class='ocrx_word' id='word_1_139' title='bbox 667 4106 718 4145; x_wconf 86' lang='lat' dir='ltr'><strong>om.</strong></span> <span class='ocrx_word' id='word_1_140' title='bbox 734 4090 767 4144; x_wconf 87' lang='lat' dir='ltr'><em>X</em></span> <span class='ocrx_word' id='word_1_141' title='bbox 845 4092 876 4144; x_wconf 91' lang='lat'><strong>11</strong></span> <span class='ocrx_word' id='word_1_142' title='bbox 891 4096 957 4158; x_wconf 78' lang='lat' dir='ltr'><strong>poet</strong></span> <span class='ocrx_word' id='word_1_143' title='bbox 974 4090 1017 4144; x_wconf 89' lang='lat' dir='ltr'><strong>dei</strong></span> <span class='ocrx_word' id='word_1_144' title='bbox 1033 4090 1279 4145; x_wconf 76' lang='lat' dir='ltr'><strong>rus-3-41s‘tt.s&#39;n</strong></span> <span class='ocrx_word' id='word_1_145' title='bbox 1294 4090 1326 4144; x_wconf 87' lang='lat' dir='ltr'><em>D</em></span> 
     </span>
     <span class='ocr_line' id='line_1_26' title="bbox 271 4175 1398 4245; baseline 0.002 -16"><span class='ocrx_word' id='word_1_146' title='bbox 271 4176 304 4229; x_wconf 87' lang='lat'><strong>16</strong></span> <span class='ocrx_word' id='word_1_147' title='bbox 321 4176 443 4245; x_wconf 85' lang='lat' dir='ltr'><strong>spiritns]</strong></span> <span class='ocrx_word' id='word_1_148' title='bbox 461 4191 522 4230; x_wconf 82' lang='lat' dir='ltr'><strong>eum</strong></span> <span class='ocrx_word' id='word_1_149' title='bbox 533 4176 583 4231; x_wconf 79' lang='lat' dir='ltr'><strong>hoe</strong></span> <span class='ocrx_word' id='word_1_150' title='bbox 596 4176 729 4232; x_wconf 74' lang='lat' dir='ltr'><strong>uocabulo</strong></span> <span class='ocrx_word' id='word_1_151' title='bbox 740 4177 840 4231; x_wconf 77' lang='lat' dir='ltr'><strong>codicis</strong></span> <span class='ocrx_word' id='word_1_152' title='bbox 857 4176 889 4229; x_wconf 88' lang='lat' dir='ltr'><strong><em>X</em></strong></span> <span class='ocrx_word' id='word_1_153' title='bbox 905 4176 1068 4243; x_wconf 75' lang='lat' dir='ltr'><strong>capitulatio</strong></span> <span class='ocrx_word' id='word_1_154' title='bbox 1080 4177 1118 4231; x_wconf 83' lang='lat' dir='ltr'><strong>od</strong></span> <span class='ocrx_word' id='word_1_155' title='bbox 1129 4178 1203 4231; x_wconf 71' lang='lat' dir='ltr'><strong>uase</strong></span> <span class='ocrx_word' id='word_1_156' title='bbox 1213 4175 1398 4231; x_wconf 64' lang='lat' dir='ltr'><strong>sonatum</strong></span> 
     </span>
     <span class='ocr_line' id='line_1_27' title="bbox 269 4262 1398 4332; baseline -0.001 -16"><span class='ocrx_word' id='word_1_157' title='bbox 269 4262 385 4331; x_wconf 59' lang='lat' dir='ltr'><strong>obsaepta</strong></span> <span class='ocrx_word' id='word_1_158' title='bbox 403 4263 504 4319; x_wconf 54' lang='lat' dir='ltr'><strong>detuit</strong></span> <span class='ocrx_word' id='word_1_159' title='bbox 603 4264 636 4318; x_wconf 88' lang='lat'><strong>18</strong></span> <span class='ocrx_word' id='word_1_160' title='bbox 652 4267 724 4319; x_wconf 83' lang='lat' dir='ltr'><strong>neoto</strong></span> <span class='ocrx_word' id='word_1_161' title='bbox 744 4263 767 4320; x_wconf 89' lang='lat'><em>0</em></span> <span class='ocrx_word' id='word_1_162' title='bbox 862 4263 894 4319; x_wconf 80' lang='lat'><strong>21</strong></span> <span class='ocrx_word' id='word_1_163' title='bbox 913 4263 984 4332; x_wconf 86' lang='lat' dir='ltr'><strong>quod</strong></span> <span class='ocrx_word' id='word_1_164' title='bbox 1000 4266 1029 4317; x_wconf 91' lang='lat' dir='ltr'><strong>in</strong></span> <span class='ocrx_word' id='word_1_165' title='bbox 1049 4264 1072 4319; x_wconf 91' lang='lat'><strong><em>0</em></strong></span> <span class='ocrx_word' id='word_1_166' title='bbox 1173 4264 1207 4318; x_wconf 80' lang='lat'><strong>22</strong></span> <span class='ocrx_word' id='word_1_167' title='bbox 1225 4264 1312 4319; x_wconf 66' lang='lat' dir='ltr'><strong>arnis</strong></span> <span class='ocrx_word' id='word_1_168' title='bbox 1329 4262 1398 4319; x_wconf 82' lang='lat' dir='ltr'><strong>De:</strong></span> 
     </span>
     <span class='ocr_line' id='line_1_28' title="bbox 267 4348 449 4418; baseline -0.005 -15"><span class='ocrx_word' id='word_1_169' title='bbox 267 4348 380 4418; x_wconf 82' lang='lat' dir='ltr'><strong>spiritua</strong></span> <span class='ocrx_word' id='word_1_170' title='bbox 407 4348 449 4403; x_wconf 84' lang='lat' dir='ltr'><strong>Or</strong></span> 
     </span>
    </p>
   </div>
   <div class='ocr_carea' id='block_1_9' title="bbox 1443 2045 1462 2085">
    <p class='ocr_par' dir='ltr' id='par_1_14' title="bbox 1443 2045 1462 2085">
     <span class='ocr_line' id='line_1_29' title="bbox 1443 2045 1462 2085; baseline 0 0"><span class='ocrx_word' id='word_1_171' title='bbox 1443 2045 1462 2085; x_wconf 81' lang='lat'>5</span> 
     </span>
    </p>
   </div>
   <div class='ocr_carea' id='block_1_10' title="bbox 1420 2559 1459 2600">
    <p class='ocr_par' dir='ltr' id='par_1_15' title="bbox 1420 2559 1459 2600">
     <span class='ocr_line' id='line_1_30' title="bbox 1420 2559 1459 2600; baseline 0 0"><span class='ocrx_word' id='word_1_172' title='bbox 1420 2559 1459 2600; x_wconf 74' lang='lat'><strong>10</strong></span> 
     </span>
    </p>
   </div>
   <div class='ocr_carea' id='block_1_11' title="bbox 1416 3074 1455 3113">
    <p class='ocr_par' dir='ltr' id='par_1_16' title="bbox 1416 3074 1455 3113">
     <span class='ocr_line' id='line_1_31' title="bbox 1416 3074 1455 3113; baseline 0 0"><span class='ocrx_word' id='word_1_173' title='bbox 1416 3074 1455 3113; x_wconf 81' lang='lat'><strong>15</strong></span> 
     </span>
    </p>
   </div>
   <div class='ocr_carea' id='block_1_12' title="bbox 1411 3592 1452 3633">
    <p class='ocr_par' dir='ltr' id='par_1_17' title="bbox 1411 3592 1452 3633">
     <span class='ocr_line' id='line_1_32' title="bbox 1411 3592 1452 3633; baseline 0 -2"><span class='ocrx_word' id='word_1_174' title='bbox 1411 3592 1452 3633; x_wconf 69' lang='lat'><strong>00</strong></span> 
     </span>
    </p>
   </div>
   <div class='ocr_carea' id='block_1_13' title="bbox 0 0 1510 5200">
    <p class='ocr_par' dir='ltr' id='par_1_18' title="bbox 0 0 1510 5200">
     <span class='ocr_line' id='line_1_33' title="bbox 0 0 1510 5200; baseline 0 10"><span class='ocrx_word' id='word_1_175' title='bbox 0 0 1510 5200; x_wconf 95' lang='lat' dir='ltr'><strong> </strong></span> 
     </span>
    </p>
   </div>
  </div>
 </body>
</html>
