3009 5200
452 448 610 505 Conlatio
634 448 697 514 Vll,
715 448 826 504 31—32.
1138 450 1198 517 211

61 643 89 699 et
109 635 282 703 inlusione
305 638 446 703 contenti
467 636 599 720 fatigare
615 649 666 703 ecs
684 638 791 722 potius
805 638 954 704 studeant
969 655 1063 721 qnam
1077 654 1201 707 nocero:

61 740 219 819 quosdam
255 741 454 806 solummodo
485 742 625 807 innocuis
657 740 911 807 incubationibus
939 742 1102 807 hominum
1129 759 1200 825 per-

59 844 200 928 noctare,
234 844 317 909 alios
347 843 393 910 its
420 862 487 909 esse
514 842 611 909 furori
633 862 670 911 ac
691 844 897 910 truculentiae
925 845 1056 929 deditos,
1078 846 1199 911 utnon

59 948 116 1009 snt
146 946 303 1011 contenti
329 946 457 1011 illorum
487 950 701 1013 tantummodo
730 965 860 1030 corpora
888 965 963 1031 quos
985 948 1201 1032 subpleuerint

45 1048 155 1113 setosi
189 1048 423 1116 dilaceratione
452 1068 571 1130 ueram,
601 1050 780 1117 sedetiam
808 1051 931 1117 inruere
961 1052 1199 1134 superemines

59 1158 272 1219 transeuntes
307 1157 401 1237 atque
430 1154 561 1221 adicem
593 1155 665 1221 illos
700 1155 886 1222 saeuissime
913 1158 1006 1223 caede
1033 1156 1200 1224 festinent:

58 1254 165 1336 quales
198 1255 256 1322 illi
279 1256 314 1321 iu
337 1257 498 1340 euangelio
526 1256 755 1337 describuntur,
783 1259 822 1323 ob
845 1277 978 1344 quorum
1000 1263 1120 1325 mettim
1142 1277 1199 1343 per

57 1358 143 1423 illan
184 1359 285 1425 uiam
322 1362 455 1426 tmnsire
491 1360 555 1427 iarn
591 1363 697 1427 nullus
729 1363 874 1429 audebat.
920 1381 996 1446 quos
1030 1380 1200 1445 eorumque

58 1462 247 1529 consimiles
272 1464 365 1529 bellis
391 1483 511 1548 quoque
532 1466 564 1531 et
584 1465 748 1550 sanguninis
778 1465 928 1533 effusione
950 1484 1006 1550 pro
1027 1466 1199 1534 insatiabili

35 1564 232 1630 :ferocitate
265 1567 401 1650 gaudere
434 1584 496 1633 non
528 1568 659 1633 dubium
685 1570 742 1635 est
784 1569 862 1634 ulios
890 1570 937 1636 ita
964 1588 1072 1635 eorum
1105 1568 1230 1635 corda?

58 1687 130 1750 quos
159 1676 323 1753 ceperant
349 1670 436 1737 inani
464 1670 596 1755 quodam
624 1674 746 1738 tumore
768 1672 913 1740 uidemus
937 1673 1091 1752 iniecisse,
1121 1690 1199 1757 quos

58 1773 153 1839 stiam
178 1775 351 1841 Bacuoeos
373 1776 488 1857 uulgus
509 1777 657 1859 appellat,
680 1777 717 1841 ut
738 1781 837 1842 semet
858 1779 943 1861 ipsos
965 1776 1198 1862 ultraproueri·

58 1880 155 1943 tstsm
180 1880 241 1945 sui
263 1880 400 1962 eorporis
423 1880 576 1962 erigentes
596 1896 678 1945 nunc
697 1880 822 1961 quidem
837 1900 870 1945 se
884 1882 918 1945 in
933 1880 1081 1963 quosdam
1098 1882 1198 1947 laetus

58 1988 237 2065 gestusque
259 1982 473 2061 sustollerent,
503 2001 586 2048 nuno
608 2002 682 2048 uero
711 1982 801 2049 uelut
822 1984 961 2050 adclines
981 1986 1022 2051 ad
1044 1986 1198 2067 quendam

36 2104 87 2149 ese
110 2087 371 2169 tranquillitatis
393 2091 426 2152 et
447 2086 652 2153 adfabilitatis
673 2087 795 2152 statum
810 2104 990 2153 communes
1006 2087 1199 2169 blandosque

60 2188 309 2273 submitterent,
352 2207 480 2272 seseque
516 2189 607 2255 uelut
650 2189 798 2255 inlustres
832 2192 864 2255 et
895 2190 1200 2275 circumspectabiles

61 2293 216 2357 omnibus
246 2292 450 2358 aestimantes
472 2310 554 2357 nunc
575 2292 703 2375 quidem
730 2294 856 2359 adorare
877 2312 911 2358 se
930 2294 1101 2376 potestates
1121 2293 1198 2359 sub·

61 2396 206 2460 fimiores
233 2397 366 2476 eorporis
387 2394 550 2461 inflexione
573 2399 794 2476 monstrarent,
818 2414 900 2462 nuno
921 2415 995 2463 uere
1018 2398 1057 2461 ab
1079 2396 1151 2462 aliis
1166 2414 1199 2461 se

63 2500 236 2565 crederent
269 2497 390 2564 adorari
423 2502 455 2564 et
486 2517 594 2565 omnes
627 2504 742 2583 motus,
773 2499 886 2582 quibus
913 2518 989 2565 uera
1016 2499 1117 2565 officia
1144 2503 1200 2564 aut

37 2603 197 2684 asuperbe
225 2603 283 2667 aut
303 2602 465 2668 humiliter
485 2604 685 2688 peraguntur,
702 2604 871 2687 explerent.
909 2604 989 2670 alios
1003 2602 1229 2688 repperimus3

62 2724 121 2770 uon
135 2706 249 2772 solum
267 2705 393 2771 studere
406 2705 587 2784 mendaciis,
610 2706 665 2772 sed
680 2707 778 2772 etiam
792 2706 1002 2791 blasphemias
1016 2705 1197 2775 hominibus

63 2811 233 2892 inspirare.
270 2807 358 2872 ouius
386 2809 432 2874 rei
459 2809 555 2875 etiam
584 2827 639 2874 nos
667 2811 765 2874 testes
794 2828 911 2889 sumus,
941 2811 996 2894 qui
1018 2809 1199 2877 audiuimus

63 2911 269 2995 apertissime
297 2911 479 2976 daemonem
506 2912 706 2977 confitentem
732 2932 787 2996 per
809 2912 936 2979 Arrium
958 2918 991 2979 et
1012 2914 1198 2980 Eunomium

63 3035 91 3078 se
120 3014 332 3098 impietatem
365 3015 510 3100 sacrilegi
544 3015 700 3100 dogmatis
734 3015 878 3082 edidisse.
923 3017 1004 3101 quod
1037 3016 1133 3082 etiam
1165 3017 1198 3082 in

37 3121 175 3200 aquario
202 3117 385 3200 Regnorum
408 3117 490 3184 libro
509 3136 606 3182 unum
623 3138 658 3184 er
673 3118 771 3184 isdem
787 3119 864 3201 ipsis
879 3119 1048 3187 manifeste
1065 3121 1200 3203 legimus

167 3328 407 3394 uetustate

113 3525 291 3579 linnooiuis
309 3525 366 3578 PX
459 3523 582 3579 3lururl
601 3523 634 3580 V¹
727 3524 835 3582 deditus
857 3527 884 3581 V
967 3528 1086 3596 tadque
1108 3527 1134 3581 V

63 3614 125 3665 illus
150 3611 182 3666 V
273 3610 288 3663 l
311 3609 419 3664 discrib.
442 3609 482 3664 D¹
586 3611 603 3665 8
626 3627 715 3666 eorum
739 3615 786 3681 qui
809 3612 849 3666 D·
951 3610 1134 3669 9insanabili
1156 3611 1198 3667 D'

69 3700 103 3752 W
215 3698 249 3750 10
275 3695 344 3749 alius
374 3695 411 3751 V¹
515 3697 546 3751 ll
573 3701 714 3767 coeperant
739 3699 793 3754 VD
820 3700 938 3770 ceperint
968 3699 992 3755 O
1092 3702 1199 3753 tumore

70 3785 100 3836 V¹
211 3781 331 3836 uidimus
356 3780 418 3836 D²r
451 3781 598 3837 uiderimus
628 3783 652 3838 0
753 3785 872 3839 inlieisse
893 3784 958 3840 V¹P
1066 3783 1098 3838 12
1124 3783 1198 3853 ipsus

70 3872 99 3922 t'¹
211 3870 245 3924 13
268 3869 331 3922 last.
348 3870 503 3939 gestusque]
521 3870 659 3939 musque
680 3870 711 3924 D
832 3871 863 3926 16
886 3884 994 3940 seseque
1015 3868 1090 3923 uelut
1101 3906 1194 3924 ......

66 3958 96 4011 19
122 3957 268 4010 crederem
294 3953 399 4007 adoreri
426 3967 476 4008 om.
508 3953 534 4009 V
557 3956 624 4022 sort.
651 3962 720 4010 recte
859 3957 892 4011 ll
918 3957 1079 4010 extimantes
1108 3955 1131 4010 0

65 4044 97 4096 su
121 4041 267 4112 explorent
293 4038 335 4094 D¹
439 4039 507 4094 alius
538 4041 564 4095 V
669 4055 838 4110 repperemus
863 4041 891 4096 P
924 4043 1069 4111 reperimus
1099 4040 1131 4094 X

66 4131 94 4184 ll
113 4129 264 4184 mendstlis
279 4125 354 4182 DW
449 4125 528 4180 blasi.
546 4125 637 4182 DOX
737 4126 911 4183 assuminus
932 4127 980 4184 W¹
1082 4127 1117 4181 23
1135 4142 1198 4181 eno·

67 4218 147 4270 mium
174 4213 218 4270 D'
328 4214 364 4269 24
389 4211 523 4280 sacrilegii
549 4211 620 4267 D¹P
648 4213 776 4286 murilego
807 4213 845 4269 W
944 4211 1063 4268 ededisse
1088 4213 1130 4268 D¹

1 4329 2 4376 p
68 4305 98 4356 ᾔ
122 4305 222 4372 quarto
251 4299 343 4356 codd:
379 4300 486 4355 mouit
513 4305 609 4355 eumer
718 4301 804 4355 isdem
830 4300 872 4355 X:
908 4299 1006 4356 eisdem
1037 4300 1060 4356 0
1095 4298 1197 4357 nudem

68 4389 120 4442 rell

1 4481 2 4484 ’
1041 4491 1095 4543 14⁸
