3009 5200
463 428 620 487 conlatio
642 430 674 495 V,
692 430 804 486 23-26.
1137 434 1200 500 149

87 638 150 684 cum
177 619 555 699 antemtinmundus
585 620 755 705 spiritus
785 618 931 686 exierit
956 620 1001 686 ab
1023 621 1199 701 homine,

86 721 239 787 ambulat
269 742 339 806 per
368 724 452 790 loca
481 722 593 789 aride
623 739 814 807 quaereus
843 725 1034 808 requiem,
1064 727 1101 789 et
1123 743 1198 791 uon

86 826 232 891 inuenit.
269 830 366 892 tunc
389 826 505 893 dicit:
528 831 711 892 reuertar
733 826 772 892 iu
796 826 947 892 domum
962 824 1199 893 meamuude

86 929 183 993 erinis
206 930 246 993 et
269 930 435 995 ueniens
457 928 613 995 inuenit
635 931 860 1010 uocantem,
876 930 1013 1013 scopis
1035 928 1197 995 munda-

72 1036 145 1097 stem
165 1033 201 1097 et
224 1037 425 1099 ornatam:
448 1037 542 1099 tuno
563 1032 676 1099 uadit
698 1034 738 1097 et
758 1032 936 1099 adsumit
957 1033 1057 1100 alios
1080 1035 1197 1117 spiri·

85 1140 131 1199 tus
149 1136 300 1219 septem
323 1138 533 1220 nequiores
556 1155 614 1215 sc,
631 1135 889 1202 etintrantee
911 1135 1100 1205 habitant
1123 1136 1196 1204 ibi:

86 1242 112 1303 ct
135 1239 238 1303 liunt
269 1240 497 1307 nouissima
530 1238 700 1307 hominis
733 1238 852 1305 illiue
884 1239 1196 1324 peiorapriori·

85 1344 147 1409 tus.
181 1358 251 1407 ecce
274 1344 314 1409 ut
335 1342 381 1409 ibi
403 1346 523 1425 septem
544 1346 652 1425 gentes
668 1342 803 1427 legimus
825 1344 952 1426 excepte
966 1342 1196 1427 Aegyptiorum

85 1448 111 1510 de
134 1464 190 1527 que
216 1446 339 1531 egressi
359 1446 483 1513 fuerant
504 1446 564 1513 filii
585 1445 715 1527 Israhel,
739 1446 785 1510 ita
807 1448 840 1510 ct
861 1445 914 1511 hic
935 1448 1057 1528 septem
1079 1446 1195 1512 reuerti

65 1548 193 1629 rcspiritus
227 1549 379 1615 dicuntur
406 1548 550 1615 inmundi
580 1551 706 1632 excepto
736 1566 772 1614 eo
802 1548 857 1630 qni
886 1550 925 1615 ab
954 1547 1080 1614 homine
1105 1550 1194 1631 prius

86 1654 207 1715 roratur
230 1669 386 1734 egressus.
421 1648 457 1715 de
479 1650 538 1716 hoc
560 1650 733 1734 septenario
757 1650 866 1716 fomite
880 1651 1032 1717 uitiomm
1047 1650 1226 1727 Salomon2

35 1794 36 1807 ,
87 1771 184 1837 quoque
198 1754 232 1819 in
248 1752 428 1819 Prouerbiis
444 1754 490 1819 ita
505 1753 666 1822 describit:
682 1755 715 1821 si
737 1757 774 1819 te
788 1754 988 1837 rogauerit
1007 1754 1194 1821 inimicus

86 1876 156 1923 noce
182 1875 339 1940 magna,
372 1877 417 1924 ne
450 1857 700 1924 consenseris
730 1860 781 1923 ei:
812 1860 963 1940 septem
996 1856 1102 1922 enim
1132 1877 1194 1924 ne·

87 1960 218 2043 quitiae
247 1960 345 2026 sunt
374 1962 412 2026 in
441 1959 687 2026 animosius:
711 1960 743 2025 id
767 1960 815 2025 est
836 1961 864 2025 si
887 1962 1051 2044 superatus
1074 1960 1193 2045 gastri-

66 2065 198 2147 nuargiae
220 2066 353 2147 spiritus
376 2062 512 2144 coeperit
533 2062 593 2127 tibi
607 2081 664 2128 sue
678 2060 899 2127 humiliatione
914 2061 1060 2141 blandiri,
1076 2079 1190 2146 rogans

87 2168 289 2250 quodammodo
317 2169 353 2231 ut
382 2164 501 2249 aliquid
529 2165 670 2231 relaxans
699 2182 718 2229 a
746 2169 853 2248 coepto
886 2164 1007 2229 feruore
1039 2166 1190 2248 impertias

87 2270 193 2351 siquod
217 2269 430 2335 continentiae
451 2268 580 2335 modum
603 2271 635 2333 et
657 2285 833 2335 mensnram
857 2268 958 2333 iustae
984 2268 1190 2334 districtionis

87 2376 198 2453 ccedet,
221 2392 262 2438 ne
286 2374 450 2438 recolueris
467 2372 534 2438 eius
549 2372 742 2437 subiectione
757 2390 814 2437 nee
830 2369 992 2438 adridente
1005 2372 1191 2456 inpugnati·

87 2477 136 2540 onis
160 2478 339 2560 securitate,
369 2495 431 2559 qua
458 2474 573 2541 uideris
604 2462 762 2558 paulisper
783 2496 802 2540 e
823 2474 1000 2541 camalibus
1022 2474 1189 2541 incentiuie

66 2578 164 2644 electus
184 2579 329 2663 quietior,
352 2576 391 2643 ed
414 2576 579 2661 pristinem
601 2576 816 2644 remissionem
831 2576 881 2643 nel
896 2577 1082 2662 praeteritas
1097 2579 1189 2664 gulae

87 2685 328 2766 oncupiscentias
361 2683 538 2747 reuerteris.
576 2700 631 2766 per
666 2681 724 2747 hoc
754 2683 837 2746 enim
868 2682 944 2747 dicit
976 2681 1108 2765 spiritns
1134 2682 1190 2749 illo

88 2805 157 2866 quem
183 2789 316 2852 niceros:
347 2787 528 2850 reuertar
556 2785 596 2850 iu
619 2785 772 2851 domum
794 2803 915 2850 meam
937 2786 1039 2850 unde
1061 2786 1187 2864 eriui,

88 2889 109 2951 ot
124 2891 316 2972 procedentes
339 2907 375 2954 ex
398 2907 432 2954 co
456 2887 626 2955 confestim
649 2891 771 2973 septem
786 2888 915 2972 spiritus
930 2887 1081 2955 uitiomm
1096 2893 1189 2955 erunt

87 2991 129 3058 titi
142 2995 270 3060 acriores
285 3011 380 3076 quam
395 2992 452 3058 illa
466 2991 570 3075 passio
586 3010 663 3075 quae
677 2992 709 3056 iu
722 2990 901 3076 primordiis
916 2992 1019 3057 iuerat
1030 2994 1186 3076 superata,

66 3096 264 3177 squamos
287 3097 327 3162 ad
350 3096 504 3161 deteriore
525 3093 708 3179 pertrahent
728 3111 842 3176 genera
862 3097 1069 3178 peccatorum.

115 3215 217 3283 XXVL
233 3215 429 3301 Quapropter
444 3216 568 3282 ieiuniis
583 3215 616 3280 et
637 3216 843 3280 continentiae
860 3214 1081 3282 incubantibus
1097 3216 1186 3283 nobis

87 3317 272 3400 festinandum
295 3321 352 3404 est,
374 3323 411 3384 ut
432 3319 525 3404 gulae
547 3317 694 3400 passione
716 3319 860 3402 superata
882 3318 1024 3402 protinus
1047 3318 1187 3384 animam

165 3531 178 3584 1
196 3531 247 3586 Mt.
266 3531 308 3596 12,
326 3531 429 3586 43-45
534 3531 567 3586 12
584 3530 661 3586 Prov.
679 3530 721 3596 26,
739 3531 775 3585 25
793 3530 886 3600 (Lxx)

32 3715 33 3808 l
123 3726 311 3782 lerieretW¹
414 3725 586 3796 ein1co0
683 3727 958 3784 cmuenreecmw
1056 3729 1187 3783 tornata

32 3825 33 3876 ὲ
86 3825 114 3878 12¹
203 3831 352 3902 tempere
373 3830 400 3883 V
426 3831 549 3886 meumes
569 3832 608 3885 w
634 3814 799 3886 sdsdmito
900 3829 1007 3886 erem
1026 3832 1064 3887 w
1090 3832 1140 3886 rso
1162 3829 1191 3886 r

86 3915 204 3988 1111ιῖ1
230 3935 254 3990 0
277 3934 398 3990 sordet
500 3934 707 4004 neptunio
737 3934 790 3990 VP
891 3934 1009 3990 solomon
1039 3933 1116 3992 VW¹

32 4021 33 4024 ’
86 4015 110 4068 ll
123 4016 264 4076 nerino
359 4020 392 4075 15
407 4019 528 4074 blandire
545 4021 630 4075 ΙΡΧι
725 4022 759 4076 16
775 4020 942 4091 quodamodo
958 4021 997 4074 W
1087 4021 1186 4091 aliquit

89 4099 105 4154 0
184 4107 288 4176 eccepto
311 4105 358 4160 W¹
456 4107 489 4160 17
508 4107 677 4163 dmmetiouie
698 4106 752 4163 ΟΧ
852 4107 1057 4176 dopmnus
1077 4108 1117 4164 W

86 4187 143 4252 roilo
158 4189 314 4260 Otposetrn)
400 4192 434 4246 21
452 4193 663 4264 oncupiscentia
680 4192 711 4247 D
739 4194 961 4264 concupiscentiis
977 4193 1027 4250 W‘
1111 4193 1184 4250 dicet

32 4317 33 4348 ,
88 4269 137 4328 WO
229 4277 262 4332 24
281 4281 404 4346 seperate
425 4278 488 4334 1⁷¹0
589 4277 624 4334 25
643 4278 859 4349 pertractent}⁷
958 4280 993 4333 ‘26
1010 4279 1185 4339 continentiis

86 4355 116 4408 D¹
203 4362 356 4417 incubantes
374 4379 407 4418 ec
424 4363 576 4418 incubantis
592 4365 623 4419 D
