3009 5200
270 416 334 483 302
660 412 824 469 lobannis
841 410 999 467 Cassiani

271 605 366 671 heim
388 606 475 687 uigor
498 623 554 687 per
574 603 625 668 dei
645 603 781 685 gratiam
801 602 923 669 diutius
943 602 1124 677 inmoratur,
1146 600 1222 667 totis
1241 600 1320 667 milui
1341 602 1395 667 eat

272 707 394 773 uiribus
414 706 683 790 proclamandum:
710 704 802 771 dous
829 707 868 771 iu
897 704 1146 771 adiutorium
1178 722 1301 769 meum
1334 704 1394 767 in·

222 811 407 877 ltteude:
437 810 593 875 domiue
621 809 666 873 ad
689 808 955 875 adiuuandum
982 806 1078 873 mibi
1100 806 1262 871 festina
1298 806 1395 871 luins

272 916 371 997 igitur
398 912 546 979 uersiculi
571 913 670 977 matio
696 913 732 977 iu
759 910 899 977 alaude
927 912 965 976 nt
992 928 1148 989 eruamur,
1177 908 1210 973 in
1235 908 1395 990 prosperis

272 1020 310 1083 ut
330 1034 491 1081 eememnr
511 1033 567 1079 nee
588 1013 774 1081 extollamur
799 1012 979 1081 insanabili
1001 1012 1135 1097 iugitate
1157 1012 1317 1079 tundenda
1331 1014 1394 1079 est
1418 1036 1431 1074 ⁵

271 1121 376 1195 huius,
405 1120 542 1199 iugum,
569 1116 716 1183 ueum'euli
742 1117 907 1183 meditatio
933 1117 965 1181 in
996 1118 1049 1183 tuo
1071 1119 1195 1198 peetore
1216 1114 1396 1199 indisrupta

272 1224 429 1288 uoluatur.
465 1219 609 1287 bunnia
636 1236 728 1301 opere
756 1220 894 1302 quolibet
921 1238 977 1285 aeu
1005 1220 1181 1285 minidsn'e
1206 1218 1260 1285 uel
1280 1220 1397 1285 itinere

272 1326 465 1391 constitutus
499 1323 666 1389 mantare
701 1339 763 1387 uon
798 1322 929 1389 dedum
979 1324 1064 1389 hune
1098 1325 1132 1389 et
1166 1322 1324 1389 dormiens
1363 1326 1397 1387 et

272 1429 412 1494 relictoue
439 1432 471 1491 et
496 1428 531 1493 iu
559 1424 680 1491 ultimis
701 1428 833 1492 naturae
855 1426 1096 1493 emunitatibus
1119 1427 1279 1493 meditare.
1318 1426 1397 1493 haee

272 1531 428 1597 uolutatio
449 1530 551 1595 eordis
574 1528 665 1593 uelut
686 1528 821 1596 formula
841 1530 902 1594 tibi
923 1529 1070 1595 salutaris
1093 1528 1202 1595 ellectu
1216 1547 1278 1595 nou
1292 1529 1432 1595 solumne

272 1634 426 1699 iulaesum
448 1634 489 1699 ab
509 1634 595 1699 omni
615 1636 803 1699 daemonum
831 1632 1006 1699 incursione
1029 1632 1193 1713 eustodiet,
1221 1635 1276 1699 sed
1298 1635 1397 1699 etiam

273 1738 394 1801 eunetis
421 1738 453 1801 te
480 1736 568 1801 uitiis
595 1739 737 1802 terrem
766 1735 961 1817 contagionis
990 1753 1162 1819 expungam
1189 1739 1228 1801 ad
1249 1736 1323 1801 illas
1346 1736 1398 1801 is-

274 1839 418 1906 uiaibiles
440 1839 575 1905 murias
597 1839 806 1920 eoelestssqne
833 1838 981 1923 perduoet
1003 1841 1097 1921 atque
1118 1840 1156 1905 ad
1177 1839 1269 1905 illum
1290 1838 1399 1905 inena·
1431 1915 1433 1921 ¹

274 1942 373 2007 bilem
405 1958 443 2007 ae
477 1942 641 2023 perpaucis
675 1945 837 2024 expertum
873 1943 1022 2023 prouehet
1055 1942 1207 2009 orationis
1244 1945 1398 2009 ardorem.

226 2044 267 2109 15
275 2044 358 2110 hune
379 2045 567 2112 uersiculum
589 2044 754 2112 meditanti
776 2044 835 2111 tibi
858 2062 984 2111 somam
999 2046 1132 2129 inrepat,
1148 2046 1244 2111 donee
1257 2049 1432 2111 insessa-1⁵

275 2148 334 2213 bili
368 2148 435 2213 eius
470 2148 691 2213 exercitatione
731 2147 885 2213 formatus
922 2149 1020 2215 etiam
1055 2166 1111 2233 par
1147 2166 1287 2231 soporem
1325 2166 1398 2215 eum

276 2252 441 2317 dmutare
469 2270 659 2318 eousuoeeae.
697 2250 748 2317 hie
775 2252 834 2317 tibi
856 2252 1071 2336 expergefaeto
1100 2253 1220 2335 primus
1240 2254 1397 2327 ooeurrat,

276 2356 336 2419 iste
365 2353 548 2437 emgilautis
578 2353 783 2436 eugitationes
817 2353 971 2437 antieipet
1004 2356 1175 2431 uniuersae,
1207 2356 1268 2421 iste
1296 2356 1332 2421 te
1360 2359 1398 2421 de

276 2459 330 2522 tuo
357 2460 537 2540 surgentem
565 2457 662 2523 cubili
688 2458 866 2523 eumationi
900 2476 1037 2542 genuum
1068 2459 1171 2526 tradet
1191 2460 1284 2541 atque
1307 2459 1398 2525 illiue

275 2561 421 2646 deineepa
448 2560 488 2628 ad
510 2579 601 2628 omue
621 2579 700 2644 opus
720 2565 872 2645 uetusque
900 2563 1044 2638 deduoat,
1082 2561 1132 2631 la'o
1154 2565 1186 2630 te
1208 2562 1294 2631 omui
1315 2565 1432 2628 tem-so

275 2683 348 2748 pore
369 2669 583 2747 prosequatur.
614 2666 910 2732 hunemeditsberie
932 2669 1101 2734 seeundum
1125 2671 1288 2752 praesepta
1303 2667 1399 2752 legie-

275 2769 383 2834 latoris
425 2771 566 2836 sedena
610 2770 650 2835 iu
692 2769 805 2836 domo
839 2774 880 2834 et
915 2769 1121 2836 ambulans
1157 2771 1196 2837 in
1232 2769 1398 2850 itinere,

276 2871 433 2938 dormiens
455 2875 549 2953 atque
570 2887 771 2952 oonsurgeus.
804 2871 887 2938 hune
915 2871 1033 2940 seribes
1055 2872 1088 2938 in
1111 2873 1221 2938 limine
1242 2877 1275 2938 et
1297 2873 1399 2938 ianuis

277 2977 339 3038 oris
369 2975 428 3050 tui,
456 2974 541 3040 buno
567 2975 599 3038 in
626 2973 798 3057 parietibus
826 2976 936 3042 domus
963 2977 1037 3042 tuae
1058 2995 1094 3042 ae
1116 2974 1329 3059 penetralibus
1352 2975 1398 3040 tui

277 3075 413 3158 pesteris
445 3075 634 3150 eonloeabiu
666 3077 711 3143 ila
738 3081 775 3144 ut
802 3077 878 3146 haee
906 3082 945 3145 ad
977 3080 1149 3148 orationem
1182 3077 1397 3161 procumbenti
1407 3096 1432 3136 a

277 3180 320 3244 eit
355 3177 416 3243 tibi
448 3178 579 3246 adelinia
614 3179 788 3248 deuautsdio
816 3186 848 3248 et
872 3183 982 3250 exinde
1010 3183 1207 3265 consurgenti
1235 3185 1332 3264 atque
1359 3178 1397 3244 ed

278 3298 385 3346 omnes
417 3299 492 3347 usus
524 3283 609 3351 uitae
639 3283 827 3353 mooaaetioe
854 3284 1011 3354 incedenti
1040 3284 1099 3352 liat
1124 3285 1228 3350 ereata
1257 3290 1290 3348 et
1315 3283 1397 3366 ingla

277 3385 386 3450 oratio.

380 3567 414 3621 22
431 3569 510 3623 Dent
528 3569 553 3635 6,
572 3569 587 3622 ‘l

331 3737 447 3806 luignr
468 3738 495 3791 V
575 3739 645 3794 tutia
663 3739 698 3794 V¹
792 3741 948 3798 tuirsieuli
970 3742 996 3796 V
1085 3743 1152 3798 tue
1174 3742 1219 3799 Oe
1315 3741 1399 3796 extul-

279 3821 370 3878 lamur
385 3821 411 3875 V
499 3823 692 3880 desuetitutur
702 3826 742 3881 1)ι
832 3828 978 3882 tneebeit
996 3829 1022 3882 V
1114 3827 1333 3898 13perdusio1>¹

278 3906 366 3976 adque
377 3905 458 3964 VDO
544 3908 679 3966 14th
764 3913 908 3981 prnueitD
994 3913 1028 3968 15
1038 3913 1188 3968 aumuusV
1272 3913 1305 3970 18
1317 3927 1400 3980 eman

278 3995 362 4050 lautia
379 4011 408 4048 r:
437 3994 600 4064 suigilautae
620 3996 674 4052 VD
704 3999 852 4069 uigilantes
874 3999 924 4056 ΟΡ
949 4001 1091 4070 euigilauti
1109 4001 1140 4056 X
1166 4002 1236 4056 iate
1253 4000 1400 4070 euigu'laate

277 4093 295 4134 e
382 4081 515 4136 uuluirau
536 4080 563 4136 V
643 4085 672 4138 te
688 4083 783 4140 eruo
874 4085 906 4139 19
924 4085 1087 4142 eubieuleO
1176 4086 1262 4156 adque
1284 4087 1335 4144 VO

277 4165 336 4220 illio
346 4165 403 4222 DO
486 4167 666 4224 tildeiudoo
749 4169 972 4226 ttambelansV
1048 4171 1187 4228 itmereD
1272 4172 1399 4240 ausuque

283 4249 331 4306 VO
432 4251 467 4304 24
486 4251 550 4321 oris}
568 4253 701 4311 oordiaO
797 4255 1009 4325 penetrabilibus
1031 4256 1166 4314 VDOPX
1266 4258 1300 4314 it
1318 4258 1399 4325 aduno

283 4335 310 4389 V
407 4335 440 4389 27
459 4335 632 4394 inuidentiO
