3009 5200
285 413 348 480 368
675 363 842 466 lobannis
864 412 1023 468 Cassiani

286 619 342 666 neo
374 603 530 686 proposito
560 606 666 668 nostro
693 602 819 670 adsistit
848 603 986 687 effeetus,
1016 607 1076 672 nisi
1104 607 1207 672 uirtus
1233 606 1413 689 perficiendi

284 703 381 771 fuerit
407 706 523 772 domini
554 707 750 772 miseratione
779 707 904 787 donata,
934 707 981 773 ita
1002 711 1048 784 ut,
1080 726 1151 774 oum
1180 710 1224 774 sit
1247 710 1414 776 innumera

284 809 454 874 multitudo
488 809 616 874 illorum
643 810 696 891 qui
725 807 863 875 fideliter
894 811 1051 876 uirtutum
1084 810 1200 878 studiis
1233 813 1413 880 desiderent

284 910 455 990 inhaerere,
493 930 648 978 summam
687 917 793 979 tamen
829 933 936 980 eorum
970 916 1025 997 qui
1062 916 1138 982 haee
1174 917 1323 1000 perlioere
1360 919 1413 983 nel

252 1016 415 1082 4tolerare
436 1016 639 1098 praeualeant
652 1016 797 1082 inueniat
812 1018 998 1083 raritatem?
1012 1020 1049 1084 ut
1062 1020 1313 1102 praetermittam
1327 1021 1413 1102 quod
1436 1041 1450 1081 e

283 1139 321 1185 ne
355 1120 432 1183 tuno
464 1119 602 1204 quidem,
639 1137 711 1184 oum
744 1120 871 1184 omnino
904 1121 993 1186 nulla
1024 1142 1079 1188 nos
1112 1127 1199 1188 aroet
1231 1123 1412 1202 infirmitas,

282 1222 418 1289 facultas
451 1221 599 1288 uniuersa
631 1242 710 1305 quaa
743 1224 891 1289 uolumus
920 1228 1090 1308 peragendi
1120 1228 1244 1292 nostrae
1271 1228 1413 1294 subiaoet

282 1325 441 1410 potestati.
479 1343 552 1391 nam
582 1345 680 1408 neque
708 1327 890 1392 remotionis
919 1327 1080 1394 silentium
1103 1349 1161 1396 neo
1182 1331 1412 1396 districtionem

283 1428 469 1495 ieiuniorum
498 1447 555 1494 neo
582 1428 726 1494 lectionis
754 1430 939 1495 instantiam
965 1433 1060 1498 etiam
1082 1432 1138 1498 illo
1162 1452 1222 1517 quo
1245 1452 1411 1517 possumus

282 1534 422 1616 tempore
444 1549 499 1614 pro
522 1533 628 1596 nostro
651 1531 782 1598 arbitrio
797 1537 999 1611 retentamus,
1025 1538 1079 1601 aed
1094 1537 1285 1618 quibusdam
1298 1553 1447 1602 uetur-ro

283 1635 424 1702 rentibus
461 1638 560 1702 oausis
597 1635 694 1701 etiam
730 1636 917 1701 inuitissimi
953 1639 1131 1721 frequenter
1168 1639 1357 1705 retrahimur
1391 1659 1412 1704 a

283 1737 474 1805 salutaribus
496 1738 661 1820 institutis,
684 1738 730 1803 ita
752 1742 788 1802 ut
810 1737 861 1804 uel
884 1740 944 1804 looi
972 1744 1024 1807 uel
1047 1744 1198 1826 temporie
1220 1743 1350 1824 oopiam,
1374 1743 1406 1808 in

281 1861 343 1924 quo
365 1842 441 1906 haeo
463 1859 602 1907 exercere
617 1843 782 1925 possimus,
803 1861 924 1908 neeesse
938 1843 982 1909 sit
996 1863 1052 1908 nos
1068 1863 1088 1910 a
1102 1846 1226 1911 domino
1241 1847 1409 1929 depredari.

251 1940 339 2009 bueo
368 1943 510 2010 sufficere
538 1945 627 2010 nobis
649 1945 680 2011 id
704 1947 786 2028 quod
816 1965 980 2029 possumus
1002 1951 1123 2015 eertum
1145 1951 1204 2028 est,
1228 1949 1289 2014 nisi
1311 1949 1409 2016 etiam

282 2048 476 2131 oportunitas
504 2048 672 2131 peragendi
701 2041 744 2114 ea'
765 2067 845 2132 quae
867 2051 955 2116 nobis
977 2053 1086 2134 utique
1109 2053 1272 2134 possibilia
1293 2053 1368 2116 sunt
1390 2070 1446 2119 arr

282 2150 408 2220 domino
431 2151 589 2216 tribuatur
614 2154 666 2234 (de
694 2153 809 2235 quibus
837 2158 869 2218 et
895 2154 1055 2236 apostolus
1076 2158 1260 2238 quoniam
1283 2157 1409 2221 nolui·

281 2272 379 2330 mua,
412 2255 525 2338 inquit,
559 2255 694 2320 uenire
722 2258 768 2322 ad
797 2273 864 2322 uos
892 2260 931 2322 et
958 2259 1083 2324 semel
1111 2264 1149 2324 ot
1177 2262 1338 2337 iterum,
1367 2261 1409 2322 et

280 2358 479 2439 inpediuit
508 2377 574 2424 nos
604 2357 803 2444 Satanae),
831 2361 879 2426 ita
908 2365 945 2426 ut
973 2381 1208 2445 nonnumquam
1230 2382 1285 2428 noe
1308 2363 1408 2427 etiam

280 2461 402 2526 utiliter
424 2461 463 2527 ab
485 2464 556 2528 istie
578 2463 775 2546 spiritalibus
790 2465 962 2530 sentiamus
977 2465 1092 2532 studiis
1106 2467 1242 2540 auooari,
1266 2467 1312 2544 ιιι,
1329 2467 1407 2530 dum

176 2568 177 2572 ’
280 2564 460 2631 nolentibus
504 2566 592 2631 nobis
636 2566 876 2651 interrumpitur
917 2569 1017 2635 nostri
1052 2588 1160 2635 oureus
1199 2567 1336 2635 intentio
1373 2571 1445 2635 etro

279 2668 457 2733 infirmitati
479 2671 580 2735 earnis
603 2670 724 2754 aliquid
745 2671 933 2751 relaxamus,
961 2674 1056 2737 etiam
1070 2673 1163 2738 inniti
1179 2675 1218 2739 ad
1233 2674 1406 2738 salutarem

279 2772 544 2854 perseuerantiam
573 2792 778 2839 reseruemur.
816 2777 854 2839 de
883 2792 945 2857 qua
971 2775 1199 2858 dispensatione
1228 2775 1279 2840 dei
1303 2773 1408 2839 simile

279 2874 398 2958 aliquid
420 2874 530 2941 beatus
553 2875 711 2958 apostolus
739 2877 1043 2961 propterquod,
1069 2878 1182 2962 inquit,
1206 2882 1265 2943 ter
1287 2876 1407 2943 domi-

279 2999 366 3045 num
403 2980 540 3063 rogaui
577 2985 620 3045 ut
656 2980 883 3045 diseederet
915 2999 934 3045 a
966 3000 1030 3045 me.
1082 2984 1120 3045 ot
1152 2981 1255 3046 dixit
1291 2980 1407 3045 mihi:

278 3082 444 3149 suffieit
466 3082 546 3147 tibi
569 3083 699 3166 gratia
721 3102 820 3148 mea:
843 3102 929 3149 nam
950 3087 1079 3149 uirtus
1098 3085 1137 3150 in
1155 3084 1445 3151 infirmitatate

278 3185 512 3269 perlinitur,
541 3187 572 3250 et
600 3185 731 3251 iterum:
763 3188 855 3267 quid
884 3188 984 3253 enim
1012 3205 1165 3253 oremus
1189 3186 1406 3253 secundnm

279 3288 378 3373 quod
401 3289 561 3371 oportet
582 3290 788 3355 nesoimus.

321 3409 393 3475 Vll.
422 3408 620 3491 Propositum
656 3425 788 3490 namque
816 3410 874 3483 dei,
908 3427 969 3490 quo
997 3427 1058 3473 non
1087 3410 1126 3473 ob
1155 3409 1212 3474 hoe
1245 3407 1406 3475 hominem

279 3510 397 3577 ieoerat
413 3517 449 3577 ut
463 3513 586 3593 periret,
603 3512 657 3577 sed
672 3514 707 3576 ut
722 3513 755 3575 in
771 3515 955 3595 perpetuum
970 3514 1103 3592 uiueret,
1122 3512 1230 3577 manet
1243 3510 1405 3577 inmobile.

381 3724 413 3778 16
431 3722 445 3776 Ι
463 3721 552 3777 These.
573 3722 597 3789 2,
619 3724 651 3777 18
728 3722 889 3779 2311001.
909 3723 1036 3788 12,8-9
1112 3723 1148 3777 26
1165 3722 1240 3776 Rom.
1259 3723 1284 3788 8,
1301 3723 1335 3777 26

328 3919 516 3974 3desidorant
534 3923 559 3973 T
652 3921 729 3990 bue]
749 3936 797 3975 nee
815 3922 869 3975 ΤΟ
953 3924 1027 3973 areat
1043 3921 1084 3972 Πι
1179 3925 1241 3988 post
1258 3918 1405 3973 infirmitas

277 4006 306 4056 H
322 4006 355 4059 ira
371 4022 457 4076 mora.
475 4012 540 4060 ere-1
562 4006 654 4061 addit:
679 4009 708 4060 et
810 4007 828 4060 8
845 4006 1047 4061 destrictionem
1064 4006 1093 4058 Σ
1098 4007 1136 4059 0²
1164 4004 1347 4059 destrictionie
1363 4004 1405 4057 11¹

277 4092 460 4147 distriotionee
477 4094 519 4145 11¹
549 4094 755 4148 destructionem
779 4094 815 4148 0¹
918 4094 953 4148 10
978 4094 1035 4163 pro]
1059 4096 1117 4162 ipso
1144 4093 1173 4145 Σ
1276 4092 1309 4146 12
1335 4093 1405 4148 loeis

277 4180 306 4230 Σ
409 4180 443 4233 13
464 4180 618 4248 depraedare
635 4196 669 4234 eoo
685 4180 837 4249 depraecari
854 4180 883 4231 Σ
898 4186 968 4235 rial
1073 4180 1106 4233 16
1129 4179 1269 4248 apostulus
1292 4178 1334 4230 11¹

278 4264 310 4321 17
328 4265 465 4334 inquidO
549 4271 577 4321 et
595 4272 661 4321 ante
678 4267 760 4321 semel
776 4282 827 4321 om.
846 4268 871 4317 Τ
954 4265 988 4320 23
1005 4265 1100 4334 inquid
1117 4266 1143 4318 Ο
1228 4266 1406 4333 adopertae

277 4353 344 4419 Q
413 4352 448 4407 28
465 4352 535 4421 quod
554 4353 612 4406 ΣΟ
714 4353 748 4407 29
766 4352 922 4407 inmobilem
939 4352 1021 4420 Σ(0)
1144 4362 1147 4367 ·
