3009 5200
279 389 321 453 94
670 385 835 440 Iohannis
853 385 1011 441 Cassiani

279 593 417 640 assem:
448 577 486 640 et
516 593 630 657 super
658 573 912 641 tribulentes
938 595 1021 642 oum
1050 576 1299 641 inmisissem
1326 595 1405 643 ma·

279 697 364 742 uum
398 696 530 744 meam.
570 695 659 743 nomo
693 680 791 761 igitur
818 680 894 746 haer
921 698 999 763 quae
1026 680 1226 761 protulimus,
1257 681 1294 744 ut
1321 678 1405 744 nihil

278 781 343 864 geri
366 781 432 845 siue
455 781 576 845 domino
600 781 813 864 probaremus,
835 801 933 866 praua
947 783 1201 865 interpretatione
1216 783 1405 865 detorquens

279 885 318 949 ad
352 885 561 950 defensionem
594 884 685 949 liberi
716 885 838 950 arbitrii
867 889 914 950 ita
943 887 1070 952 oonetur
1098 887 1272 964 adsumere,
1302 891 1338 950 ut
1360 889 1405 951 ab

277 990 403 1054 homino
425 989 559 1070 gratiam
575 987 625 1052 dei
640 989 910 1072 prouisiouemque
924 989 1114 1056 ootidienam
1130 990 1265 1071 temptet
1279 989 1405 1055 auferre
1432 1011 1447 1049 s

275 1114 330 1177 per
363 1094 420 1158 hoo
454 1092 534 1175 qnod
567 1091 699 1156 dieitur:
735 1093 773 1155 et
804 1111 876 1156 non
905 1093 1064 1157 audiuit
1093 1093 1262 1175 populus
1295 1111 1405 1158 meus

276 1214 408 1261 uocem
441 1212 580 1269 meam,
611 1199 643 1259 et
672 1195 802 1259 iterum:
832 1195 866 1259 ri
888 1197 1056 1278 populus
1086 1213 1190 1260 meua
1216 1196 1406 1261 audieret

274 1319 346 1374 me,
369 1298 527 1363 Israhel
549 1299 583 1362 si
606 1297 644 1360 in
667 1297 747 1362 uiis
769 1299 864 1362 meis
885 1298 1135 1364 ambulasset
1156 1303 1188 1364 et
1210 1301 1322 1379 sotera,
1343 1299 1405 1364 sed

275 1402 429 1485 respioiat,
452 1402 533 1484 quod
549 1401 632 1466 siout
647 1401 739 1466 liberi
760 1402 882 1466 arbitrii
897 1403 1030 1467 facultas
1045 1402 1153 1484 populi
1167 1402 1405 1468 inoboedientia

275 1507 515 1583 demonstretur,
546 1506 593 1569 ita
622 1505 779 1570 cotidiana
807 1505 888 1570 eirca
911 1524 981 1570 eum
1003 1507 1139 1589 prouisio
1161 1507 1211 1571 dei
1233 1504 1447 1572 clamantisro

245 1609 501 1690 2quodammodo
525 1609 556 1673 et
579 1609 734 1673 monentis
757 1609 938 1674 ostenditur.
966 1627 1035 1673 oum
1058 1610 1143 1676 euim
1164 1610 1259 1674 dioit:
1280 1609 1316 1672 si
1337 1628 1405 1692 po·

274 1711 390 1794 pulus
413 1729 520 1776 meus
543 1711 724 1776 audisset
745 1730 821 1791 me,
843 1713 976 1795 priorem
1007 1713 1114 1795 utique
1136 1731 1169 1777 se
1191 1712 1329 1778 loentum
1350 1711 1404 1776 eis

273 1814 433 1880 euidenter
456 1814 598 1880 ostendit.
636 1813 725 1896 quod
739 1815 807 1880 fieri
828 1833 848 1879 a
870 1815 993 1881 domino
1015 1833 1076 1881 non
1098 1815 1202 1880 solum
1223 1815 1403 1898 perlegam

273 1918 419 1999 scriptam
442 1916 568 1994 litteris,
592 1935 701 1982 uerum
724 1916 822 1982 etiam
851 1917 1015 1982 cotidianis
1037 1918 1164 1984 monitis
1186 1919 1267 1984 solet
1288 1937 1401 1984 seeun-

273 2022 347 2086 dum
380 2019 461 2086 illud
496 2021 577 2104 quod
614 2038 669 2101 per
701 2019 825 2086 Esaiam
859 2021 988 2086 dieitur:
1022 2023 1108 2086 tota
1139 2023 1200 2087 die
1233 2023 1444 2104 expaudirs

273 2141 406 2188 manus
440 2141 544 2189 meas
579 2123 622 2188 ad
655 2124 840 2206 populum
873 2143 948 2190 uon
980 2126 1205 2192 eredentem
1234 2125 1332 2192 mihi
1358 2128 1400 2190 et

272 2227 622 2292 oontrediooutem.
667 2227 835 2308 utrumque
871 2244 943 2310 orgo
980 2231 1083 2311 potest
1120 2228 1178 2295 hoo
1214 2228 1399 2295 testimonio

273 2329 455 2411 oonprobari
481 2331 563 2411 quod
586 2330 716 2395 dicitur:
741 2330 775 2394 si
795 2330 963 2412 populus
984 2348 1092 2396 meus
1113 2331 1301 2396 audisset
1321 2349 1397 2411 me,

271 2431 427 2498 Israhel
454 2431 487 2496 si
509 2434 549 2498 iu
571 2433 649 2498 uiis
671 2432 768 2498 meis
798 2432 1056 2518 ambulasset,
1079 2433 1298 2516 pronihilo
1320 2433 1397 2498 uti-

270 2553 343 2618 que
364 2535 551 2603 inimicos
573 2536 657 2603 eius
678 2536 970 2611 humiliassem:
997 2540 1034 2602 et
1056 2555 1173 2622 super
1194 2537 1442 2603 tribulana

240 2643 328 2711 3tes
350 2659 434 2705 eum
457 2642 702 2707 inmisissem
724 2658 878 2705 manum
900 2657 1032 2706 meam.
1066 2657 1141 2705 nam
1162 2640 1396 2707 sioutlibsrum

269 2742 433 2808 arbitrium
456 2762 509 2825 per
530 2743 793 2810 inoboedientiam
814 2744 921 2827 populi
943 2744 1182 2822 demomtratur‚
1204 2744 1252 2809 ita
1266 2741 1395 2825 dispon-

269 2844 349 2910 satio
372 2846 421 2910 dei
444 2848 476 2909 et
497 2846 650 2911 auxilium
672 2846 740 2911 eius
762 2847 908 2912 uersiouli
930 2846 1029 2928 ipsius
1052 2846 1140 2913 initio
1163 2847 1341 2913 deelaratur
1356 2865 1395 2912 ao

268 2948 338 3025 fine,
362 2968 433 3013 oum
456 2967 491 3012 se
513 2950 545 3014 et
566 2948 701 3032 priorem
723 2950 864 3014 looutum
885 2949 983 3014 fuisse
998 2953 1223 3016 commemorat
1238 2956 1271 3015 et
1286 2952 1395 3034 postea

267 3050 410 3117 inimicos
450 3052 515 3117 eius
552 3053 801 3133 humiliaturum,
833 3055 862 3118 si
894 3053 932 3118 ab
967 3054 1075 3120 eodem
1111 3054 1221 3119 fuisset
1255 3052 1437 3120 auditurae

266 3172 322 3219 nos
351 3155 435 3219 enim
462 3174 517 3239 per
545 3155 621 3221 haee
649 3174 727 3239 quae
753 3156 942 3240 protulimus
973 3177 1033 3222 non
1061 3158 1195 3223 liberum
1223 3155 1393 3221 arbitrium

267 3258 402 3322 hominis
426 3259 570 3325 uolumus
593 3260 785 3343 submouere,
816 3263 869 3326 sod
891 3258 966 3324 huio
992 3260 1181 3326 adiutorium
1203 3261 1236 3324 et
1258 3258 1393 3342 gratiam

267 3360 317 3426 dei
339 3378 395 3445 per
418 3362 558 3445 singulos
583 3362 648 3427 dies
671 3380 708 3428 ao
730 3363 889 3427 momenta
910 3363 1119 3428 neeessariam
1141 3362 1334 3447 conprobare.

369 3594 401 3647 15
419 3590 490 3647 usur.
508 3592 551 3661 es,
570 3594 588 3647 a
607 3594 700 3661 (axx)

317 3806 331 3859 1
350 3822 409 3861 eum
434 3807 478 3863 W:
508 3823 552 3861 eos
571 3811 611 3873 (os
628 3809 661 3863 in
677 3824 733 3863 raa.
751 3812 827 3871 arr-2)
844 3808 874 3862 D
892 3814 918 3863 et
937 3808 1034 3864 OPXo
1125 3808 1288 3863 inmisissem
1311 3806 1393 3864 WX:

263 3892 440 3947 immississem
463 3893 505 3946 D¹
535 3893 668 3947 misissem
687 3895 788 3961 (miss)
811 3893 927 3950 D’OPo
1028 3894 1119 3950 3''deo
1146 3894 1169 3951 0
1271 3891 1393 3947 dodau·

265 3994 334 4033 mere
356 3978 387 4034 D
490 3980 507 4033 6
530 3995 576 4049 per
599 3996 650 4036 om.
673 3978 714 4034 Ι)ι
817 3981 834 4035 8
859 3984 909 4033 reri
935 3980 1031 4035 DWP
1131 3981 1148 4035 9
1174 3980 1271 4034 arbitri
1299 3978 1323 4034 0

266 4064 298 4115 10
316 4065 408 4119 oottid.
429 4066 460 4119 X
564 4066 593 4120 11
613 4067 756 4120 momentis
773 4066 814 4120 D¹
917 4066 950 4122 12
968 4083 1043 4121 meus
1063 4083 1113 4124 om.
1132 4066 1164 4121 Χ
1265 4066 1391 4135 loqntnm

264 4147 294 4201 D
321 4149 462 4218 loquutum
486 4150 509 4207 0
614 4152 645 4205 13
668 4150 748 4223 quod]
768 4151 863 4221 quodsi
885 4152 916 4206 D
1018 4154 1050 4208 18
1072 4169 1125 4223 quo
1147 4152 1186 4207 W
1250 4144 1253 4149 ’
1283 4153 1317 4207 19
1339 4155 1392 4206 rsrl

268 4234 308 4288 W
386 4236 568 4291 a1eosD²P
653 4238 787 4291 misissem
806 4238 858 4293 ΟΡ
944 4238 1181 4307 2410qnutum0
1266 4239 1299 4292 21
1318 4253 1392 4293 surn-

264 4334 368 4373 mouore
385 4320 414 4374 D
442 4322 601 4375 summoneri
624 4322 663 4377 W
761 4322 795 4376 28
815 4323 961 4377 neooeaaria
981 4323 1031 4379 ΟΡ
