3009 5200
325 422 389 503 290
716 418 881 473 lobannis
899 416 1057 473 Cassiani

296 613 382 679 tsed
409 612 504 678 etiam
533 613 703 694 perpetuae
729 609 843 675 mortis
869 606 1037 673 incurrisse
1059 606 1237 673 discrimen.
1273 606 1353 671 uude
1375 624 1452 689 orgo

327 715 378 781 uel
399 734 454 783 our
476 718 507 781 ei
527 714 580 779 bie
601 716 670 779 tam
689 712 796 796 grauis
819 729 904 777 error
931 708 1107 793 inrepserit,
1136 707 1273 793 primum
1293 707 1451 774 desidera-

326 837 396 884 mus
425 836 600 903 agnosoero.
636 818 748 883 deinde
775 831 963 899 quaesumus
985 812 1108 879 edooeri
1129 810 1388 895 quemadmodum
1413 812 1453 875 ad

327 920 419 987 illam
437 921 591 987 orationis
611 919 808 1003 qualitatem,
831 918 870 983 de
892 933 953 1001 qua
973 915 1096 998 pridem
1116 933 1178 980 nou
1201 916 1301 981 solnm
1318 914 1451 997 eopiose,

327 1026 382 1089 sed
411 1024 507 1091 etiam
533 1022 699 1109 magnifiee
730 1022 909 1107 disputasti,
941 1020 1102 1102 peruenire
1129 1018 1294 1105 possimus
1332 1020 1364 1084 in
1395 1020 1486 1087 boor

328 1128 412 1193 euim
433 1128 567 1210 profoeit
586 1130 621 1191 iu
641 1126 732 1191 nobis
760 1122 956 1191 admirabilis
978 1123 1036 1189 illa
1058 1123 1203 1199 conlatio,
1230 1125 1268 1189 ut
1289 1128 1453 1205 stuporem

328 1232 545 1298 tantummodo
573 1231 689 1295 mentis
715 1228 883 1305 incuteret,
911 1246 972 1295 non
1000 1227 1262 1311 quemadmodum
1289 1245 1359 1293 eam
1382 1246 1453 1310 per·

327 1332 419 1399 fioere
440 1334 494 1401 nel
513 1332 741 1416 adprehendere
763 1331 938 1399 ualeremns
967 1333 1153 1397 ostenderet.

372 1455 411 1518 V.
432 1470 549 1521 maso:
576 1454 650 1519 Non
676 1454 723 1518 est
747 1451 925 1517 mirandum
946 1451 1104 1517 bominem
1125 1451 1400 1533 simplieiseimum
1421 1457 1453 1517 et

328 1555 368 1620 de
387 1556 566 1623 substantia
586 1575 623 1623 aa
643 1557 758 1621 natura
773 1556 950 1623 diuinitatis
966 1573 1137 1639 numquam
1153 1555 1280 1637 penitus
1294 1555 1454 1621 eruditum
1463 1582 1485 1621 ro

328 1659 515 1727 rustioitatia
544 1658 624 1725 uitio
645 1663 678 1723 at
706 1658 929 1725 eonsuetudiue
956 1658 1069 1723 erroris
1096 1658 1222 1743 antiqui
1249 1676 1347 1741 usquo
1368 1678 1453 1725 uuue

327 1761 462 1827 detineri
489 1763 542 1828 uel
573 1762 672 1846 deeioi
701 1762 839 1844 potuisse
871 1766 903 1827 et
935 1766 972 1827 ut
1004 1763 1111 1829 uerius
1145 1763 1250 1827 dieam
1281 1763 1314 1827 iu
1349 1782 1453 1829 errore

328 1864 459 1944 pristino
490 1867 666 1950 perdurare,
694 1868 749 1948 qni
776 1885 839 1931 nou
869 1868 989 1933 reeeuti
1014 1866 1097 1931 sieut
1123 1867 1242 1949 putam
1265 1865 1452 1941 daemonum

329 1966 495 2047 inlusione,
521 1970 576 2035 eod
604 1970 783 2052 ignorantia
808 1968 957 2053 pristinae
985 1968 1179 2052 gentilitatis
1208 1969 1351 2045 inferttm
1376 1971 1452 2035 dum

328 2074 500 2137 seeundum
513 2073 770 2138 eonsuetudinem
784 2072 897 2137 erroris
911 2072 1010 2151 illins,
1033 2090 1094 2156 quo
1108 2074 1274 2139 daemonas
1289 2073 1452 2139 bominum
1462 2100 1484 2139 u

329 2172 431 2255 figura
451 2178 626 2259 ooupositos
647 2175 839 2257 excolebant,
866 2194 948 2241 nune
962 2192 1084 2258 quoque
1098 2175 1187 2241 illam
1202 2176 1449 2259 iueouprebensi·

330 2277 428 2343 bilem
449 2282 544 2361 atque
564 2279 753 2346 ineffabilem
775 2281 842 2345 ueri
864 2279 1003 2345 numinis
1026 2279 1227 2347 maiestatem
1241 2278 1300 2347 sub
1315 2281 1452 2347 oireum·

329 2381 498 2463 seriptioue
523 2383 657 2449 alieuius
683 2381 834 2465 imaginis
861 2383 1044 2449 existimant
1076 2384 1274 2459 adorandam,
1308 2383 1390 2452 nihil
1419 2402 1451 2447 se

330 2486 437 2549 tenere
467 2486 520 2551 nel
551 2485 666 2551 babere
699 2486 870 2562 eradentes,
903 2485 933 2549 si
964 2486 1155 2568 propositam
1188 2502 1250 2552 uon
1284 2485 1452 2553 habuerim

330 2585 502 2671 imaginem
538 2589 707 2670 quandam,
742 2607 838 2670 qnam
874 2590 906 2656 in
942 2587 1169 2672 supplieatione
1206 2588 1303 2672 positi
1333 2590 1482 2673 iugitero

330 2692 530 2774 interpellent
551 2709 682 2774 eamque
702 2691 922 2760 eireumferaut
947 2693 1051 2760 mente
1071 2709 1108 2758 se
1123 2711 1197 2776 prae
1211 2693 1308 2760 oeulis
1323 2695 1451 2761 teneam

302 2795 452 2876 ‘leemper
479 2794 624 2862 wem
663 2812 755 2876 anper
783 2811 913 2876 qnorum
944 2794 1003 2860 boe
1026 2813 1129 2862 errore
1150 2797 1352 2878 ooupetauter
1373 2797 1449 2862 diri·

330 2899 416 2977 gitur
450 2897 509 2964 illa
540 2898 712 2963 mutantia:
748 2899 788 2961 at
824 2900 1085 2966 mutaueruut
1119 2899 1291 2981 gloriam
1327 2900 1450 2967 iuoor·

331 3000 545 3081 ruptibilis
574 3001 639 3066 dei
660 3000 702 3064 iu
721 3001 1035 3068 similitudinem
1068 3001 1259 3085 imaginis
1281 3003 1450 3072 bominis

330 3104 622 3185 corruptibilis.
660 3102 835 3170 Hieremias
857 3123 977 3188 quoque
999 3107 1184 3187 populus,
1208 3107 1322 3190 inquit,
1343 3123 1482 3172 menso

331 3205 507 3270 mutauit
527 3205 700 3288 gloriam
719 3224 831 3272 suam
852 3207 891 3272 in
913 3209 1029 3274 idolo.
1065 3209 1120 3291 qui
1141 3228 1227 3274 error
1242 3210 1318 3276 lieet
1331 3211 1450 3294 origine

333 3306 393 3370 bne
415 3325 477 3388 qua
499 3308 633 3374 diximus
656 3309 849 3391 quorundam
875 3312 1016 3376 sensibus
1038 3311 1082 3375 eit
1096 3313 1235 3391 inolitus,
1251 3313 1451 3378 nibilominus

431 3528 467 3581 aa
483 3525 559 3585 aon.
576 3533 602 3597 1,
618 3531 654 3584 ae
753 3531 789 3585 as
805 3531 923 3586 siem.
940 3533 966 3596 a,
985 3534 1017 3587 11

382 3729 485 3801 aqum
504 3733 528 3790 0
612 3736 786 3806 bposaumus
805 3740 828 3796 0
916 3741 933 3794 6
950 3739 1064 3812 proiecit
1081 3739 1124 3796 Dr
1154 3740 1260 3811 prolicit
1279 3739 1389 3798 VOPX

330 3818 348 3870 8
372 3819 511 3872 ostendere
536 3819 560 3876 0
660 3823 677 3876 9
699 3823 786 3878 Yeeeo
811 3823 840 3878 V
938 3823 1126 3880 admirandum
1151 3825 1175 3882 0
1276 3823 1309 3880 12
1332 3828 1449 3881 detenere

331 3901 371 3957 1)ι
458 3905 547 3974 deeepi
569 3905 605 3959 V‘
701 3907 734 3964 13
750 3911 874 3965 redeatis
892 3911 923 3965 D
1010 3911 1090 3983 sieut]
1109 3915 1172 3967 suut
1189 3912 1231 3967 D¹
1326 3913 1360 3967 14
1378 3913 1450 3980 iguo·

330 3990 437 4043 tantiae
458 3989 558 4045 DPX¹
661 3995 694 4049 16
719 3997 873 4066 eonpoaitns
894 3995 922 4050 V
1023 3995 1056 4052 17
1079 3998 1164 4068 adque
1185 3998 1235 4054 VO
1337 3997 1450 4052 nominis

325 4075 392 4156 ,ΠΡ
421 4077 534 4132 lumini·
564 4075 587 4134 Ο
688 4081 935 4138 circumseribtione
966 4082 1013 4140 VO
1116 4085 1149 4138 19
1174 4081 1269 4138 babere
1295 4083 1339 4140 uel
1365 4087 1450 4138 tenere

331 4157 362 4214 D
464 4159 499 4215 22
521 4162 659 4232 degeritnr
679 4166 707 4218 V
811 4163 845 4221 23
869 4167 1016 4240 iuonrrupt
1038 4170 1063 4222 V
1163 4167 1198 4226 24
1219 4165 1377 4224 trimas
1397 4183 1450 4222 eor·

325 4245 470 4313 'ruptn'bilir
488 4263 539 4304 en.
559 4245 587 4301 V
684 4251 720 4306 25
737 4249 874 4306 bierimiar
895 4251 922 4307 V
1018 4253 1113 4326 inquid
1132 4251 1240 4310 VDPX
1340 4255 1374 4309 26
1396 4251 1449 4308 ido-

330 4329 390 4384 lum
406 4330 473 4386 D‘e
573 4333 680 4406 origene
700 4335 738 4387 V¹
