3009 5200
283 439 347 505 278
674 434 840 490 Iohannis
858 432 1016 489 (laariani

284 624 467 711 prophetica
488 624 645 689 testantur
666 620 799 706 eloquia.
836 622 931 689 habes
952 623 1038 687 anim
1056 624 1090 688 in
1104 623 1236 689 duorum
1252 624 1409 690 consensi-

282 748 341 795 one
370 729 507 794 fructum
535 727 740 793 exauditionis
768 726 922 793 dominica
950 744 1028 792 noos
1050 727 1211 811 signatum
1233 728 1410 794 seeundum

279 834 375 899 illud:
397 834 432 899 si
453 834 527 898 duo
549 851 592 897 er
615 830 731 896 uobis
751 830 1035 897 consenserint
1055 850 1172 915 snper
1195 832 1338 896 terram
1361 832 1410 897 de

280 936 384 1003 omni
405 956 444 1001 re
467 952 751 1019 quamcumque
778 933 990 1017 petierint,
1021 934 1100 999 list
1129 932 1222 999 illis
1247 954 1267 999 a
1292 939 1411 1017 patre

279 1058 360 1105 meo
388 1040 520 1123 quiin
550 1039 673 1105 aaalis
700 1042 771 1104 est.
809 1036 904 1103 habas
931 1038 1026 1102 aliam
1055 1039 1088 1102 in
1116 1037 1187 1103 lidei
1209 1038 1446 1121 plenitudines

279 1160 359 1225 quae
379 1160 477 1225 grano
499 1144 622 1225 senapis
637 1145 832 1227 oonparatur.
870 1142 904 1207 si
926 1141 1011 1207 enim
1032 1140 1269 1222 habueritis,
1291 1142 1411 1229 inquit,

278 1247 399 1313 fidam
426 1249 532 1313 siout
559 1265 720 1330 granum
747 1246 924 1329 senapis,
959 1245 1108 1311 diaetis
1141 1246 1264 1312 monti
1297 1247 1409 1313 buia:

279 1350 538 1428 transimus,
561 1354 600 1415 et
621 1350 834 1427 transibit,
865 1353 900 1415 et
928 1348 1032 1415 nihil
1060 1348 1302 1432 inpossibile
1323 1352 1410 1416 orit

248 1453 405 1519 duobis.
442 1454 536 1520 habes
563 1455 597 1518 in
625 1453 816 1519 adsiduitate
841 1454 1027 1529 orationum,
1050 1470 1145 1536 quarn
1167 1455 1293 1537 propter
1314 1453 1409 1519 indo-

281 1556 395 1622 fessam
416 1557 605 1639 pstitionum
625 1557 891 1639 perseuerantiam
912 1558 1169 1639 inportunitatem
1186 1574 1286 1623 sermo
1301 1556 1444 1628 domi-10

279 1660 369 1725 nicus
397 1660 587 1726 nominauit:
618 1678 725 1726 amen
753 1662 853 1725 enim
882 1660 968 1725 dieo
997 1660 1130 1734 uobis,
1161 1661 1309 1742 quiesi
1331 1678 1407 1725 non

279 1764 439 1846 propter
474 1764 707 1841 amicitiam,
746 1766 813 1828 uel
857 1764 1018 1846 propter
1060 1762 1407 1846 inportunitatem

279 1866 365 1931 eius
398 1872 537 1949 surget
570 1873 608 1934 et
642 1868 756 1933 dabit
784 1868 820 1932 si
854 1868 1042 1950 quantum
1076 1885 1170 1948 opus
1203 1865 1406 1933 habuerit.

279 1969 376 2035 habos
397 1971 431 2035 in
452 1971 698 2054 elemosynarum
727 1970 846 2037 tumn:
879 1969 1052 2047 inolude‚
1079 1970 1191 2052 iuquit,
1215 1970 1408 2056 elemosy-

279 2092 365 2139 nam
394 2074 432 2139 in
460 2076 572 2141 eorda
603 2075 799 2159 pauperis,
827 2074 864 2139 et
888 2075 976 2158 ipsa
996 2073 1179 2139 exorabit
1207 2091 1276 2157 pro
1298 2075 1338 2139 ta
1360 2074 1443 2147 inu

279 2177 452 2258 tempore
485 2177 781 2243 tribulationis.
825 2178 921 2243 habos
949 2178 982 2242 in
1012 2178 1227 2244 emendatione
1259 2177 1343 2241 uitas
1373 2177 1408 2241 et

280 2279 425 2363 operibus
460 2279 689 2346 misericordiae
725 2281 898 2347 seeundum
933 2280 1030 2346 illud:
1066 2279 1245 2345 dissolna
1280 2279 1407 2346 oouli·

278 2385 460 2467 gationes
481 2373 713 2467 inpietatis,
742 2384 854 2449 solua
882 2382 1100 2449 iasoioulos
1128 2384 1405 2466 deprimentes.

247 2488 310 2559 3at
339 2490 411 2567 post
436 2504 538 2569 pauoa
558 2488 672 2569 quibus
694 2487 882 2553 infruatuosi
907 2487 1017 2552 ieiunii
1042 2486 1193 2553 sterilitas
1214 2486 1405 2569 castigatura

278 2593 385 2673 tuno,
422 2590 536 2673 inquit,
572 2590 799 2670 innotatis,
837 2593 875 2657 et
911 2592 1092 2658 dominus
1128 2590 1312 2658 exaudiet
1346 2595 1440 2664 ter„

279 2693 483 2775 elamabis,
517 2699 555 2759 et
587 2695 709 2761 diost:
744 2712 835 2760 eoae
867 2696 1015 2761 adsum.
1053 2712 1295 2777 nonnumquam
1327 2713 1404 2760 sana

279 2797 418 2864 exaudiri
446 2797 543 2861 etiam
569 2797 809 2864 tribulationum
837 2798 985 2864 nimietas
1012 2797 1088 2864 fauit
1113 2799 1284 2864 seeundum
1305 2796 1404 2864 illud:

278 2900 325 2965 ad
346 2899 544 2966 dominum
566 2918 649 2965 oum
672 2899 896 2967 tribularer
920 2900 1105 2966 alamanis
1137 2905 1173 2966 ot
1197 2902 1403 2967 exaudiuit

278 3020 354 3081 ms,
392 3005 425 3068 et
460 3004 591 3069 iterum:
625 3021 669 3068 ns
706 3004 959 3070 adflixeritie
996 3007 1202 3083 aduenam,
1239 3005 1333 3087 quia
1370 3005 1402 3068 si

278 3105 518 3172 olamauorit
539 3109 585 3172 ad
607 3125 681 3190 me,
704 3110 911 3175 exaudiam
935 3128 1034 3184 aum,
1061 3108 1153 3191 quia
1174 3109 1438 3179 misericorsra

278 3226 372 3276 sum.
410 3209 523 3276 uidetis
546 3231 619 3296 ergo
641 3213 718 3296 quot
738 3213 838 3278 modis
865 3213 1042 3278 obtineatur
1064 3211 1270 3278 exauditionis
1286 3212 1402 3298 gratis,

279 3315 317 3377 ut
345 3313 451 3379 nullus
478 3317 519 3380 ad
547 3316 733 3408 inpetranda
765 3335 801 3382 aa
827 3335 906 3399 quas
936 3317 1086 3382 salutaria
1111 3316 1186 3382 sunt
1213 3320 1247 3381 st
1274 3319 1402 3382 aeterna

378 3511 464 3566 3Mt
483 3512 524 3578 18,
543 3513 576 3567 19
680 3512 765 3568 6111.
784 3513 826 3580 17,
845 3514 877 3568 19
981 3513 1013 3569 11
1036 3513 1195 3578 Luo.11,8
1298 3513 1331 3568 14
1349 3512 1400 3566 sir.

276 3595 683 3748 ἒέῗθιῃῃῖιαὶὁὸὥ
768 3599 914 3656 soles
1006 3597 1214 3664 sammaa
1301 3597 1401 3654 24Ex.

329 3867 345 3920 1
371 3868 439 3936 prof.
467 3867 493 3922 V
593 3867 708 3923 duarum
733 3868 775 3925 D¹
879 3869 896 3924 3
918 3869 1103 3924 murensorent
1124 3867 1158 3922 V¹
1261 3867 1279 3921 6
1300 3863 1401 3935 sinapis

281 3953 445 4010 V²D²0PX
543 3954 639 4024 inquid
661 3955 767 4012 VDOP
867 3955 882 4010 l
900 3956 1005 4025 senapis
1027 3955 1075 4011 V²=
1104 3969 1214 4024 eampse
1235 3954 1271 4009 V*
1299 3952 1400 4022 sinapis

276 4039 337 4094 rell.
440 4039 473 4094 12
490 4040 628 4110 inpurtun.
650 4039 686 4094 V·
790 4042 823 4096 13
841 4041 931 4110 surgit
948 4041 990 4096 D¹
1095 4042 1128 4095 14
1147 4039 1355 4110 elymosinarum
1372 4035 1401 4092 D

278 4124 413 4180 elamosiu.
441 4126 465 4182 0
574 4126 677 4196 fructu]
701 4127 767 4182 osee
789 4129 883 4199 perpet
913 4127 952 4184 W
1061 4125 1157 4197 inquid
1188 4125 1334 4182 VDWOP

277 4209 452 4279 elymosinam
473 4212 504 4267 D
532 4212 703 4266 elemosinam
724 4213 789 4270 Wo
926 4215 958 4268 15
982 4229 1108 4286 pauperes
1129 4215 1156 4270 V
1256 4212 1289 4267 18
1315 4211 1400 4282 depri-

277 4297 375 4350 mentia
395 4296 459 4352 ΥΡ·
546 4297 580 4352 19
597 4298 733 4353 sterelitae
754 4300 820 4356 WP
907 4299 942 4355 20
959 4301 1053 4370 inquid
1077 4299 1222 4358 VDWOP
1306 4301 1334 4352 te
1350 4313 1400 4354 ona

282 4380 305 4436 0
404 4383 440 4436 22
456 4383 579 4437 exaudire
594 4383 685 4440 D¹W¹
787 4386 823 4440 26
839 4385 912 4455 quod
928 4385 1027 4442 D¹OP
