3009 5200
518 452 681 507 Uonlstio
703 451 792 517 XVII,
810 451 853 506 25.
1185 454 1251 521 493

120 642 283 709 extendere
318 661 413 726 quom
446 662 500 728 per
537 643 783 709 inmobililatom
821 641 939 708 decreti
970 641 1020 707 sui
1052 642 1250 708 inexorabilis

119 744 280 811 inueniri?
302 747 449 813 similiter
471 747 568 813 otiam
583 746 724 829 loquitur
739 749 778 811 nd
801 745 969 811 Nineuitas
983 762 1115 811 oonsma
1126 745 1250 811 diuina:

121 848 248 915 adhuc
268 849 446 916 triduum
470 851 509 915 et
531 848 680 915 Nineue
703 848 975 932 subuertetur,
996 849 1250 931 moxpuapaeni·

122 951 223 1017 tentia
260 969 366 1017 sorum
402 951 588 1037 ieiuniisque
625 954 769 1019 mollitur
805 954 872 1019 tam
908 953 1013 1017 minax
1048 954 1081 1017 st
1115 952 1251 1034 abrupta

98 1054 280 1119 esurientia
301 1057 395 1137 atqua
417 1056 455 1121 ad
471 1058 591 1137 partem
607 1054 838 1120 misericordiae
861 1072 960 1137 prona
974 1052 1093 1137 pietate
1108 1053 1249 1119 deflecti·

120 1162 181 1221 tur.
219 1158 328 1240 quodsi
356 1160 427 1240 quis
466 1159 555 1223 uelut
585 1159 763 1240 praescium
791 1160 1001 1226 conuersiouis
1032 1175 1139 1223 eorum
1172 1156 1249 1223 sub·

121 1259 296 1326 uersionem
318 1260 457 1327 ciuitatis
480 1262 520 1327 ad
541 1262 599 1327 lroe
619 1262 664 1327 cis
694 1261 856 1327 dominum
877 1262 1002 1327 adserat
1024 1261 1248 1337 conminatum,

120 1364 157 1427 ut
179 1380 231 1429 eos
252 1363 292 1428 ad
313 1364 483 1429 salutarem
507 1365 733 1447 poenitentium
764 1366 955 1447 prcuooarot,
978 1381 1166 1447 concoquens
1188 1366 1249 1445 ost,

121 1469 157 1531 ut
185 1466 219 1530 hi
249 1467 303 1549 qui
332 1466 481 1533 iratribus
510 1471 657 1550 praesunt
686 1468 803 1551 absque
836 1468 1069 1551 reprohensione
1094 1467 1251 1533 mendacii

87 1569 170 1635 rolris
204 1570 258 1651 qui
291 1570 434 1654 indigent
466 1571 625 1637 emendari
657 1571 766 1653 aliqua
797 1570 896 1636 etiam
928 1570 1123 1663 districtiora
1154 1587 1251 1653 quam

121 1672 237 1736 facturi
270 1673 353 1751 sunt,
382 1673 410 1737 si
439 1690 516 1755 opus
546 1673 652 1751 fuerit,
682 1674 912 1739 comminentur.
948 1674 999 1739 sin
1028 1691 1102 1739 uero
1135 1673 1249 1739 dixerit
1261 1666 1300 1732 12

121 1776 215 1840 deum
248 1792 392 1841 seueram
425 1776 515 1843 illam
550 1776 737 1843 sententiam
769 1794 860 1843 suam
896 1777 1106 1859 paenitentiae
1143 1794 1251 1842 eorum

123 1877 372 1945 consideratione
394 1896 558 1945 reuocuese
580 1880 751 1947 seeundum
773 1880 853 1946 illud
875 1880 958 1962 quod
979 1899 1034 1963 per
1056 1881 1248 1947 Ezechielem

122 1982 184 2046 sit:
222 1982 258 2045 si
293 1981 425 2048 dixero
469 1982 595 2066 inpio:
640 1985 763 2048 morte
808 1982 1008 2049 morioris:
1045 1986 1085 2048 et
1119 1984 1249 2068 egerit

89 2085 414 2166 upaenitsntiam
444 2103 463 2150 a
491 2088 654 2168 peccato
686 2104 769 2169 suo,
803 2086 1027 2168 feceritque
1058 2086 1248 2151 iudicium

122 2192 161 2253 et
197 2187 416 2270 iustitiam,
460 2188 546 2253 uita
581 2188 708 2264 uiuet,
745 2206 817 2253 nou
854 2189 1063 2264 morietur,
1100 2188 1250 2253 similiter

122 2294 286 2355 edocemur
315 2308 375 2355 non
406 2290 517 2357 dobere
547 2308 602 2355 nos
631 2290 790 2357 obstinate
814 2291 847 2356 in
870 2293 985 2358 nostis
1015 2291 1249 2359 definitionibus

122 2394 300 2476 perdurare,
334 2394 388 2458 sed
412 2392 673 2460 comminationem
697 2414 733 2459 ex
754 2395 942 2461 necessitate
973 2394 1163 2479 propositum
1185 2395 1250 2460 cle·

123 2496 222 2561 monti
243 2496 443 2561 miseratione
465 2498 597 2563 mollire.
633 2500 714 2579 quod
736 2518 776 2563 ne
797 2498 873 2563 solis
895 2498 1071 2581 specialiter
1088 2497 1249 2564 Nineuitis
1261 2500 1301 2565 13

87 2601 298 2665 ocredoretur
323 2600 469 2666 dominus
492 2603 695 2684 praestitisse,
719 2602 814 2666 etiam
836 2603 1026 2685 generalitor
1048 2619 1122 2686 erga
1143 2621 1249 2667 omnes

123 2705 229 2770 eadem
253 2723 285 2770 so
307 2722 374 2769 esso
395 2704 554 2770 iacturum
575 2722 631 2789 por
651 2705 845 2772 Hieremiam
876 2707 1025 2788 perpetuo
1047 2707 1249 2789 protestatur,

123 2809 165 2885 et,
201 2825 272 2871 cum
309 2823 432 2872 noemae
469 2807 576 2888 fuerit,
608 2809 830 2874 incunctanter
865 2827 954 2874 suam
990 2827 1024 2896 se
1060 2809 1249 2874 seutentiam

123 2911 320 2974 mutaturum
335 2925 406 2990 pro
435 2911 551 2976 nostris
581 2911 699 2976 meritis
728 2910 922 2994 repromittit
943 2911 1066 2978 means:
1088 2913 1251 2994 reponte

124 3012 264 3094 loquar
297 3013 486 3078 aduersus
521 3017 679 3096 gentem
713 3015 752 3079 et
780 3014 970 3081 aduersus
1001 3032 1177 3096 regnum,
1207 3018 1251 3080 ut

89 3115 311 3198 senellam,
334 3119 372 3179 et
394 3115 608 3195 destruam,
632 3119 669 3180 et
692 3115 1046 3199 disperdamillud.
1070 3116 1249 3202 sipaeui·

124 3218 291 3283 tentiam
324 3217 457 3301 egerit
492 3235 588 3299 gens
620 3217 696 3284 illa
736 3237 756 3283 a
794 3220 912 3299 malo,
949 3220 1049 3302 quod
1089 3220 1251 3286 locutus

124 3339 206 3385 sum
250 3320 439 3385 aduersus
483 3339 579 3386 eam:
624 3339 732 3406 agam
770 3325 810 3388 et
847 3340 914 3405 ego
950 3323 1248 3406 paenitentiam

186 3471 324 3610 ⁷31010n.
346 3471 371 3536 3,
393 3471 525 3542 4(LXX)
630 3473 779 3528 1411111.
803 3475 846 3541 33,
871 3475 973 3530 14-15
1075 3473 1110 3530 23
1133 3473 1249 3528 Hieram.

125 3557 166 3622 18,
203 3587 235 3597 -

176 3697 190 3748 1
209 3712 257 3766 pro
273 3695 494 3751 immobilitate?
576 3698 742 3753 21111111ιὶ111
753 3700 825 3751 IP'P
848 3699 1000 3753 niunsuitas
1013 3699 1038 3751 0
1123 3701 1252 3756 dniniua

124 3781 195 3833 ΠΨ
221 3781 335 3836 minuens
354 3783 380 3836 Ο
481 3784 498 3837 6
521 3783 565 3838 uol
589 3785 616 3835 'l'
713 3785 923 3839 conuersationis
941 3786 969 3836 Σ
1070 3787 1252 3840 subuersiouis

123 3867 163 3917 11¹
262 3868 396 3923 laeserat
412 3870 471 3922 ΣΤ
562 3871 757 3926 comminatum
772 3873 833 3923 ΠΤ
925 3872 992 3926 811
1009 3873 1034 3923 l’
1129 3873 1252 3942 911111

126 3953 154 4004 Π
246 3951 287 4006 hii
304 3955 372 4008 210
468 3954 715 4025 repraehensionem
731 3957 774 4008 Π*
870 3958 905 4011 10
921 3958 945 4010 is
963 3958 991 4009 Σ
1085 3957 1253 4013 destrictiors

124 4040 183 4092 ΣΟ
287 4040 317 4093 11
341 4045 542 4096 commonentur
564 4042 604 4094 11¹
706 4043 732 4096 si
754 4059 817 4097 uero
835 4042 951 4097 dixerint
973 4045 999 4096 l*
1025 4043 1136 4098 dixerim
1159 4045 1184 4099 Ο

126 4126 158 4180 13
169 4124 312 4180 esechilam
324 4126 354 4178 Π
441 4129 599 4182 1411111111
611 4130 652 4181 Π1
742 4130 776 4183 16
786 4129 863 4182 uiuet
875 4131 904 4183 ot
913 4145 967 4184 nou
979 4129 1056 4185 YOo
1145 4133 1177 4186 18
1189 4147 1251 4185 con-

123 4211 272 4266 miuatioue
283 4213 312 4263 Σ
328 4214 563 4269 comminationem
575 4215 635 4268 ΠΤ
727 4215 761 4269 19
771 4216 898 4270 riniuitis
909 4215 981 4268 mr
995 4216 1148 4271 uiuueuitis
1159 4218 1185 4271 O

124 4297 158 4350 22
176 4313 204 4351 se
215 4313 292 4352 susm
310 4298 365 4352 ΤΟ
456 4300 551 4368 231111
562 4300 664 4356 uostris
676 4301 783 4356 meritis
795 4317 846 4358 om.
860 4302 885 4354 ‘l'
974 4302 1113 4371 promittit
1130 4304 1184 4356 ῬΟ

124 4383 159 4438 26
176 4383 304 4452 loquutus
322 4387 348 4437 Y
447 4386 481 4441 21
500 4385 639 4442 moenum
656 4387 687 4437 Π
