3009 5200
264 459 330 525 350
656 459 821 513 Iobsnuis
838 457 996 513 caesioni

262 665 423 729 negamus.
461 650 566 710 utrum
589 651 694 710 eutem
716 647 748 710 ot
770 645 958 711 dormientes
979 645 1040 712 buo
1052 647 1268 729 inquietudine
1282 667 1389 714 serere

260 750 417 832 possimus
438 748 582 814 uolumus
604 748 735 813 edooom
773 747 895 813 duobus
916 767 1052 832 nemque
1064 751 1105 815 de
1120 751 1221 816 oeusis
1236 751 1389 834 possibile

262 852 320 916 boo
349 869 414 916 esse
442 870 502 916 uon
524 851 695 915 oredimus:
725 868 803 933 quse
824 850 898 915 lieet
918 853 1034 934 ubsque
1058 853 1249 918 uereeuudiu
1270 873 1389 937 neque-

260 973 351 1019 amus
378 955 476 1031 omri,
504 959 620 1034 nmen,
647 954 794 1036 quonium
821 952 879 1018 boe
905 957 1078 1021 medioiuee
1097 955 1196 1038 ipsius
1218 959 1389 1022 uoeemitss

260 1057 356 1140 uegit,
380 1075 565 1139 quaesumus
588 1062 625 1120 ut
647 1075 718 1121 oum
739 1058 832 1123 uenis
853 1058 910 1139 tui,
934 1059 1038 1140 sique
1051 1059 1132 1124 forte
1145 1059 1388 1124 iuueroeuudius
1415 1083 1432 1122 s

262 1160 379 1225 fuerint
401 1160 567 1234 denudutn,
591 1160 753 1240 suseipies.
790 1159 928 1241 primum
951 1179 1025 1243 ergo
1046 1164 1103 1240 est,
1120 1161 1390 1245 quodporsomui

261 1265 397 1346 quietem
429 1263 544 1328 mentis
579 1265 683 1345 uigore
715 1263 819 1327 luxuto
854 1261 1016 1328 obseruari
1049 1281 1243 1346 nequaquem
1276 1264 1389 1328 uolent

262 1366 346 1431 illius
362 1363 564 1431 oonmotiouis
579 1363 728 1447 obreptio,
740 1365 885 1439 seeundo,
897 1366 981 1447 quod
995 1366 1093 1430 etium
1108 1367 1216 1430 umuue
1229 1366 1387 1440 collectio,

262 1486 335 1533 oum
357 1469 478 1533 uesioee
500 1467 704 1549 oepeeitetem
725 1468 958 1550 quieseeutibus
983 1469 1076 1534 uobis
1101 1469 1290 1534 indesinenti
1311 1487 1389 1534 uou-

261 1572 347 1636 fluxu
362 1571 475 1638 interni
491 1571 607 1636 umoris
621 1571 802 1654 oppleuorit
821 1572 935 1637 excitet
949 1572 1091 1638 membre
1105 1572 1286 1654 mmoentiu
1302 1573 1388 1654 quod
1401 1599 1431 1637 ιο

261 1675 359 1738 etism
387 1675 527 1757 paruulis
553 1674 605 1739 uel
633 1675 822 1757 spadonibus
849 1675 959 1740 eodem
987 1675 1193 1741 nihilominus
1219 1679 1289 1760 lege
1309 1692 1390 1739 eou-

262 1777 367 1860 tiugit.
404 1779 487 1842 uude
507 1779 544 1842 fit
566 1779 612 1856 ut,
636 1779 664 1842 si
685 1797 744 1843 nou
761 1779 931 1844 obleetutio
951 1779 1093 1844 bbidinis
1109 1780 1255 1844 uulnerat
1268 1777 1388 1843 mentis

261 1881 438 1958 adsensum,
467 1879 645 1946 ooufusione
673 1885 779 1946 temen
807 1899 877 1946 eum
909 1882 1058 1947 humiliet
1088 1883 1252 1964 turpitudo
1284 1897 1390 1944 mem·
1489 1931 1493 1936 .

259 1983 397 2048 brorum.

304 2087 344 2150 X.
381 2103 606 2152 culusum:
650 2087 792 2169 Apparet
828 2105 884 2153 uos
927 2091 1060 2154 neodum
1095 2105 1189 2153 ueros
1224 2085 1430 2154 oestitstiem

262 2190 423 2272 mouisse
444 2188 606 2273 uirtutem,
629 2190 879 2275 quondoquidem
906 2191 1114 2257 distriotiouis
1135 2190 1252 2256 suxilio
1274 2206 1343 2253 sem
1367 2205 1389 2252 e

263 2291 469 2374 uigilantibus
490 2295 614 2356 tentum
637 2294 767 2359 preditis
787 2295 948 2372 retenturi,
972 2299 1006 2358 et
1025 2295 1102 2359 iude
1123 2296 1173 2359 est
1194 2291 1276 2376 quod
1290 2293 1388 2375 putu·

262 2395 305 2459 tis
333 2413 353 2459 e
377 2395 605 2461 dormientibus
633 2397 722 2478 quusi
751 2395 854 2478 rigore
882 2397 980 2461 enimi
1007 2397 1145 2461 resoluto
1171 2396 1386 2478 integritetom

263 2517 324 2562 nou
344 2515 432 2582 posse
454 2499 581 2563 seruari.
618 2515 708 2580 porro
734 2499 863 2564 uestitus
884 2517 947 2564 nou
968 2498 1219 2565 uturbitrumiui
1233 2496 1389 2563 distrieti·

263 2604 330 2667 onis
351 2602 515 2683 praesidio,
538 2602 591 2667 sed
614 2621 720 2668 umore
741 2603 792 2668 sui
812 2608 846 2667 et
859 2606 1001 2688 propriso
1015 2603 1163 2686 purimtie
1177 2602 1429 2667 delectationes·

263 2706 416 2771 subsistit.
453 2724 516 2769 uon
544 2706 627 2771 euim
649 2708 788 2789 uestitus,
815 2707 870 2771 sed
892 2707 1083 2772 eontinentiu
1105 2706 1229 2783 dieitur,
1251 2704 1305 2768 ubi
1326 2705 1387 2769 ed·

232 2808 323 2873 sune
351 2807 379 2872 ei
409 2808 512 2891 eliqua
534 2808 655 2873 resistit
681 2811 857 2876 aduersites
881 2810 1063 2893 uoluptatis.
1099 2810 1216 2874 uidetis
1238 2824 1311 2890 ergo
1333 2806 1387 2871 his

263 2911 316 2993 qui
339 2912 495 2976 oustitstis
517 2910 664 2977 abietum
686 2932 741 2995 per
762 2913 812 2979 dei
838 2914 975 2998 gretiem
995 2912 1180 2978 medullitus
1203 2911 1388 2992 reooperunt

263 3013 468 3079 districtionis
490 3016 694 3080 cessationem
716 3034 789 3081 oum
802 3016 963 3082 dormiunt
977 3036 1041 3081 uon
1054 3017 1172 3094 obem,
1193 3033 1275 3099 quoe
1287 3011 1386 3077 iudds

262 3115 360 3181 etium
387 3117 595 3200 uigilantibus
622 3118 744 3183 reiu'oue
772 3118 948 3196 oertissime
975 3119 1195 3202 oonprobetur.
1231 3114 1430 3201 quidquid„

262 3219 347 3284 euim
374 3237 445 3283 oum
474 3218 581 3284 labore
603 3220 818 3303 supprimitur,
844 3222 1033 3304 tempos-eles
1056 3222 1220 3287 dimiossffl
1240 3219 1385 3303 praestet

263 3322 412 3401 indutiu,
442 3340 504 3387 uos
536 3326 643 3389 umen
676 3329 860 3407 perpetuum
891 3326 1069 3391 mouritntis
1101 3326 1238 3407 quietem
1269 3320 1386 3387 tribuit

262 3424 334 3506 post
348 3424 500 3490 luborom:
516 3425 666 3508 quidquid
680 3430 787 3493 sutem
802 3426 955 3509 profunde
969 3425 1066 3492 fuerit
1080 3426 1200 3492 uirtute
1213 3423 1385 3502 deuictum,

262 3525 379 3608 ubsque
406 3526 474 3594 ulle
500 3528 727 3612 inquietudinis
751 3530 923 3616 suspicione
951 3532 1145 3614 ooupositum
1168 3532 1275 3613 iugem
1294 3526 1385 3610 peois

315 3746 327 3797 l
346 3744 418 3799 hmo
434 3746 619 3817 inquietudini
636 3749 666 3801 Π
750 3750 769 3803 2
785 3764 923 3818 ponumus
938 3749 980 3801 11¹
1064 3748 1203 3820 possibile]
1219 3765 1296 3819 posse
1312 3764 1385 3804 sorr.

258 3832 444 3900 osopoeiteil
526 3834 967 3903 dqus(qui20)eoiliootfl¹0
1051 3836 1237 3891 sedani]
1319 3836 1387 3905 quie

261 3936 287 3986 r
368 3918 816 4024 uummspmoet'u
914 3938 1124 3993 eumue
1223 3937 1388 3993 eme-teu

260 4037 289 4087 Σ
318 4032 430 4092 eisdem
446 4038 476 4090 Π
494 4039 603 4095 'uenies
620 4041 655 4091 l'·
738 4042 886 4111 eopeoitete
900 4043 934 4094 Π
1024 4044 1058 4098 10
1074 4056 1178 4097 mores
1194 4040 1235 4093 11¹
1263 4042 1386 4096 humoris

259 4121 315 4174 ῬΟ
417 4122 600 4178 lbuuereH
700 4126 733 4179 16
755 4125 837 4182 (ἰωὴ.
858 4127 946 4181 ΣΠΟ
1047 4128 1079 4181 17
1096 4127 1318 4182 hunum?

262 4207 296 4260 19
312 4207 393 4261 (ἰωὴ.
410 4208 502 4262 ΣΠΟ
598 4208 779 4266 21subn'stet
795 4210 836 4263 Πι
930 4212 1157 4267 eommunis
1250 4210 1386 4269 HM

259 4291 349 4345 ΣΠΟ
446 4292 726 4365 idquiequidll’l'o
822 4298 1109 4368 ideonpriruoturffl
1205 4296 1388 4353 ssinoueier

260 4380 287 4429 ‘l'
385 4378 549 4447 quietumZ
605 4381 903 4451 ,sequestrium
