<?xml version="1.0" encoding="UTF-8"?>
<!DOCTYPE html PUBLIC "-//W3C//DTD XHTML 1.0 Transitional//EN"
    "http://www.w3.org/TR/xhtml1/DTD/xhtml1-transitional.dtd">
<html xmlns="http://www.w3.org/1999/xhtml" xml:lang="en" lang="en">
 <head>
  <title>
</title>
<meta http-equiv="Content-Type" content="text/html;charset=utf-8" />
  <meta name='ocr-system' content='tesseract 3.04.00' />
  <meta name='ocr-capabilities' content='ocr_page ocr_carea ocr_par ocr_line ocrx_word'/>
</head>
<body>
  <div class='ocr_page' id='page_1' title='image "./corpusscriptoru14wiengoog_0280.png"; bbox 0 0 3009 5200; ppageno 0'>
   <div class='ocr_carea' id='block_1_1' title="bbox 291 433 1043 501">
    <p class='ocr_par' dir='ltr' id='par_1_1' title="bbox 291 433 1043 501">
     <span class='ocr_line' id='line_1_1' title="bbox 291 433 1043 501; baseline -0.011 -6"><span class='ocrx_word' id='word_1_1' title='bbox 291 435 357 501; x_wconf 77' lang='grc'><strong>218</strong></span> <span class='ocrx_word' id='word_1_2' title='bbox 686 434 852 489; x_wconf 82' lang='lat' dir='ltr'><strong>Iohannis</strong></span> <span class='ocrx_word' id='word_1_3' title='bbox 869 433 1043 491; x_wconf 66' lang='lat' dir='ltr'><strong>cassiani</strong></span> 
     </span>
    </p>
   </div>
   <div class='ocr_carea' id='block_1_2' title="bbox 290 621 1418 811">
    <p class='ocr_par' dir='ltr' id='par_1_2' title="bbox 290 621 1418 811">
     <span class='ocr_line' id='line_1_2' title="bbox 291 621 1418 707; baseline 0.003 -20"><span class='ocrx_word' id='word_1_4' title='bbox 291 641 364 689; x_wconf 88' lang='lat' dir='ltr'><strong>cum</strong></span> <span class='ocrx_word' id='word_1_5' title='bbox 386 639 543 705; x_wconf 87' lang='lat' dir='ltr'><strong>reposcere</strong></span> <span class='ocrx_word' id='word_1_6' title='bbox 566 621 785 706; x_wconf 89' lang='lat' dir='ltr'><strong>coepissemus,</strong></span> <span class='ocrx_word' id='word_1_7' title='bbox 807 624 954 706; x_wconf 85' lang='lat' dir='ltr'><strong>proferte,</strong></span> <span class='ocrx_word' id='word_1_8' title='bbox 976 623 1084 706; x_wconf 81' lang='lat' dir='ltr'><strong>iuquit</strong></span> <span class='ocrx_word' id='word_1_9' title='bbox 1100 641 1203 702; x_wconf 81' lang='lat' dir='ltr'><strong>senen,</strong></span> <span class='ocrx_word' id='word_1_10' title='bbox 1221 623 1418 707; x_wconf 76' lang='lat' dir='ltr'><strong>iuterrogati-</strong></span> 
     </span>
     <span class='ocr_line' id='line_1_3' title="bbox 290 727 1418 811; baseline 0 -20"><span class='ocrx_word' id='word_1_11' title='bbox 290 744 383 791; x_wconf 90' lang='lat' dir='ltr'><strong>onsm</strong></span> <span class='ocrx_word' id='word_1_12' title='bbox 406 730 554 805; x_wconf 83' lang='lat' dir='ltr'><strong>uestram,</strong></span> <span class='ocrx_word' id='word_1_13' title='bbox 577 728 666 792; x_wconf 90' lang='lat' dir='ltr'><strong>cuius</strong></span> <span class='ocrx_word' id='word_1_14' title='bbox 687 727 722 791; x_wconf 90' lang='lat' dir='ltr'><strong>in</strong></span> <span class='ocrx_word' id='word_1_15' title='bbox 745 728 826 793; x_wconf 84' lang='lat' dir='ltr'><strong>banc</strong></span> <span class='ocrx_word' id='word_1_16' title='bbox 849 727 958 793; x_wconf 86' lang='lat' dir='ltr'><strong>boram</strong></span> <span class='ocrx_word' id='word_1_17' title='bbox 986 727 1208 793; x_wconf 70' lang='lat' dir='ltr'><strong>distuleramus</strong></span> <span class='ocrx_word' id='word_1_18' title='bbox 1231 727 1418 811; x_wconf 72' lang='lat' dir='ltr'><strong>indaginem.</strong></span> 
     </span>
    </p>
   </div>
   <div class='ocr_carea' id='block_1_3' title="bbox 270 846 1452 2173">
    <p class='ocr_par' dir='ltr' id='par_1_3' title="bbox 270 846 1452 2173">
     <span class='ocr_line' id='line_1_4' title="bbox 336 846 1418 932; baseline -0.002 -19"><span class='ocrx_word' id='word_1_19' title='bbox 336 847 377 913; x_wconf 94' lang='lat' dir='ltr'><strong>II.</strong></span> <span class='ocrx_word' id='word_1_20' title='bbox 401 846 482 911; x_wconf 76' lang='lat' dir='ltr'><strong>Tum</strong></span> <span class='ocrx_word' id='word_1_21' title='bbox 504 864 703 913; x_wconf 77' lang='lat' dir='ltr'><strong>eununuvs:</strong></span> <span class='ocrx_word' id='word_1_22' title='bbox 720 846 819 927; x_wconf 85' lang='lat' dir='ltr'>Vnde,</span> <span class='ocrx_word' id='word_1_23' title='bbox 839 865 1037 932; x_wconf 86' lang='lat' dir='ltr'><strong>quaesumus,</strong></span> <span class='ocrx_word' id='word_1_24' title='bbox 1054 847 1145 912; x_wconf 71' lang='lat' dir='ltr'><strong>bute</strong></span> <span class='ocrx_word' id='word_1_25' title='bbox 1158 846 1295 912; x_wconf 87' lang='lat' dir='ltr'><strong>uarietas</strong></span> <span class='ocrx_word' id='word_1_26' title='bbox 1310 849 1418 912; x_wconf 90' lang='lat' dir='ltr'><strong>aduer-</strong></span> 
     </span>
     <span class='ocr_line' id='line_1_5' title="bbox 270 949 1419 1032; baseline -0.001 -17"><span class='ocrx_word' id='word_1_27' title='bbox 270 950 449 1029; x_wconf 83' lang='lat' dir='ltr'><strong>sariorum</strong></span> <span class='ocrx_word' id='word_1_28' title='bbox 477 952 668 1032; x_wconf 88' lang='lat' dir='ltr'><strong>potestatum</strong></span> <span class='ocrx_word' id='word_1_29' title='bbox 698 951 805 1016; x_wconf 89' lang='lat' dir='ltr'><strong>contra</strong></span> <span class='ocrx_word' id='word_1_30' title='bbox 832 950 993 1018; x_wconf 91' lang='lat' dir='ltr'><strong>hominem</strong></span> <span class='ocrx_word' id='word_1_31' title='bbox 1015 969 1052 1016; x_wconf 87' lang='lat' dir='ltr'><strong>ac</strong></span> <span class='ocrx_word' id='word_1_32' title='bbox 1074 949 1241 1016; x_wconf 88' lang='lat' dir='ltr'><strong>diuersitas</strong></span> <span class='ocrx_word' id='word_1_33' title='bbox 1266 950 1329 1014; x_wconf 86' lang='lat' dir='ltr'><strong>ista</strong></span> <span class='ocrx_word' id='word_1_34' title='bbox 1349 967 1419 1032; x_wconf 90' lang='lat' dir='ltr'><strong>pro·</strong></span> 
     </span>
     <span class='ocr_line' id='line_1_6' title="bbox 292 1054 1452 1137; baseline 0 -20"><span class='ocrx_word' id='word_1_35' title='bbox 292 1054 394 1131; x_wconf 91' lang='lat' dir='ltr'><strong>cessit,</strong></span> <span class='ocrx_word' id='word_1_36' title='bbox 418 1072 512 1137; x_wconf 85' lang='lat' dir='ltr'><strong>quam</strong></span> <span class='ocrx_word' id='word_1_37' title='bbox 534 1056 642 1120; x_wconf 88' lang='lat' dir='ltr'><strong>beatus</strong></span> <span class='ocrx_word' id='word_1_38' title='bbox 665 1055 826 1137; x_wconf 87' lang='lat' dir='ltr'><strong>apostolus</strong></span> <span class='ocrx_word' id='word_1_39' title='bbox 847 1056 895 1122; x_wconf 85' lang='lat' dir='ltr'><strong>its</strong></span> <span class='ocrx_word' id='word_1_40' title='bbox 909 1056 1103 1122; x_wconf 73' lang='lat' dir='ltr'><strong>dinumerat:</strong></span> <span class='ocrx_word' id='word_1_41' title='bbox 1127 1074 1203 1121; x_wconf 91' lang='lat' dir='ltr'><strong>non</strong></span> <span class='ocrx_word' id='word_1_42' title='bbox 1226 1056 1286 1121; x_wconf 89' lang='lat' dir='ltr'><strong>est</strong></span> <span class='ocrx_word' id='word_1_43' title='bbox 1307 1056 1452 1121; x_wconf 77' lang='lat' dir='ltr'><strong>uobiss</strong></span> 
     </span>
     <span class='ocr_line' id='line_1_7' title="bbox 290 1157 1419 1244; baseline 0 -21"><span class='ocrx_word' id='word_1_44' title='bbox 290 1157 539 1224; x_wconf 78' lang='lat' dir='ltr'><strong>conluctatio</strong></span> <span class='ocrx_word' id='word_1_45' title='bbox 578 1160 765 1225; x_wconf 87' lang='lat' dir='ltr'><strong>aduersus</strong></span> <span class='ocrx_word' id='word_1_46' title='bbox 802 1179 956 1226; x_wconf 88' lang='lat' dir='ltr'><strong>carnem</strong></span> <span class='ocrx_word' id='word_1_47' title='bbox 994 1164 1033 1226; x_wconf 92' lang='lat' dir='ltr'><strong>et</strong></span> <span class='ocrx_word' id='word_1_48' title='bbox 1068 1160 1316 1244; x_wconf 79' lang='lat' dir='ltr'><strong>sanguinem,</strong></span> <span class='ocrx_word' id='word_1_49' title='bbox 1352 1159 1419 1223; x_wconf 89' lang='lat' dir='ltr'><strong>sed</strong></span> 
     </span>
     <span class='ocr_line' id='line_1_8' title="bbox 290 1261 1418 1347; baseline 0.001 -22"><span class='ocrx_word' id='word_1_50' title='bbox 290 1261 489 1327; x_wconf 91' lang='lat' dir='ltr'><strong>aduersus</strong></span> <span class='ocrx_word' id='word_1_51' title='bbox 511 1262 782 1346; x_wconf 78' lang='lat' dir='ltr'><strong>principatus,</strong></span> <span class='ocrx_word' id='word_1_52' title='bbox 805 1265 1000 1330; x_wconf 91' lang='lat' dir='ltr'><strong>aduersus</strong></span> <span class='ocrx_word' id='word_1_53' title='bbox 1022 1265 1262 1347; x_wconf 81' lang='lat' dir='ltr'><strong>potestates,</strong></span> <span class='ocrx_word' id='word_1_54' title='bbox 1287 1262 1418 1327; x_wconf 90' lang='lat' dir='ltr'><strong>aduer-</strong></span> 
     </span>
     <span class='ocr_line' id='line_1_9' title="bbox 291 1364 1419 1444; baseline 0.001 -16"><span class='ocrx_word' id='word_1_55' title='bbox 291 1381 356 1429; x_wconf 89' lang='lat' dir='ltr'><strong>sus</strong></span> <span class='ocrx_word' id='word_1_56' title='bbox 393 1364 527 1430; x_wconf 91' lang='lat' dir='ltr'><strong>muudi</strong></span> <span class='ocrx_word' id='word_1_57' title='bbox 571 1368 750 1431; x_wconf 86' lang='lat' dir='ltr'><strong>rectores</strong></span> <span class='ocrx_word' id='word_1_58' title='bbox 794 1364 1047 1433; x_wconf 88' lang='lat' dir='ltr'><strong>tenebrarum</strong></span> <span class='ocrx_word' id='word_1_59' title='bbox 1092 1367 1244 1444; x_wconf 82' lang='lat' dir='ltr'><strong>barum,</strong></span> <span class='ocrx_word' id='word_1_60' title='bbox 1286 1367 1419 1431; x_wconf 87' lang='lat' dir='ltr'><strong>contra</strong></span> 
     </span>
     <span class='ocr_line' id='line_1_10' title="bbox 289 1466 1418 1555; baseline 0.003 -23"><span class='ocrx_word' id='word_1_61' title='bbox 289 1466 506 1551; x_wconf 83' lang='lat' dir='ltr'><strong>spiritalia</strong></span> <span class='ocrx_word' id='word_1_62' title='bbox 556 1469 762 1553; x_wconf 87' lang='lat' dir='ltr'><strong>nequities</strong></span> <span class='ocrx_word' id='word_1_63' title='bbox 812 1470 851 1536; x_wconf 93' lang='lat' dir='ltr'><strong>iu</strong></span> <span class='ocrx_word' id='word_1_64' title='bbox 902 1472 1163 1555; x_wconf 80' lang='lat' dir='ltr'><strong>caelestibus,</strong></span> <span class='ocrx_word' id='word_1_65' title='bbox 1211 1471 1245 1535; x_wconf 89' lang='lat' dir='ltr'><strong>et</strong></span> <span class='ocrx_word' id='word_1_66' title='bbox 1286 1471 1418 1535; x_wconf 90' lang='lat' dir='ltr'><strong>iterum:</strong></span> 
     </span>
     <span class='ocr_line' id='line_1_11' title="bbox 290 1573 1450 1662; baseline 0.002 -27"><span class='ocrx_word' id='word_1_67' title='bbox 290 1588 413 1653; x_wconf 87' lang='lat' dir='ltr'><strong>usque</strong></span> <span class='ocrx_word' id='word_1_68' title='bbox 446 1573 585 1657; x_wconf 84' lang='lat' dir='ltr'><strong>angeli</strong></span> <span class='ocrx_word' id='word_1_69' title='bbox 613 1593 737 1658; x_wconf 91' lang='lat' dir='ltr'><strong>neque</strong></span> <span class='ocrx_word' id='word_1_70' title='bbox 770 1576 1045 1662; x_wconf 87' lang='lat' dir='ltr'><strong>principatus,</strong></span> <span class='ocrx_word' id='word_1_71' title='bbox 1084 1595 1206 1660; x_wconf 85' lang='lat' dir='ltr'><strong>neque</strong></span> <span class='ocrx_word' id='word_1_72' title='bbox 1239 1575 1450 1641; x_wconf 84' lang='lat' dir='ltr'><strong>uirtutesuo</strong></span> 
     </span>
     <span class='ocr_line' id='line_1_12' title="bbox 291 1674 1418 1762; baseline 0.004 -23"><span class='ocrx_word' id='word_1_73' title='bbox 291 1694 412 1757; x_wconf 89' lang='lat' dir='ltr'><strong>neque</strong></span> <span class='ocrx_word' id='word_1_74' title='bbox 435 1674 618 1743; x_wconf 76' lang='lat' dir='ltr'><strong>creatura</strong></span> <span class='ocrx_word' id='word_1_75' title='bbox 641 1678 720 1743; x_wconf 86' lang='lat' dir='ltr'><strong>aliu</strong></span> <span class='ocrx_word' id='word_1_76' title='bbox 741 1679 893 1762; x_wconf 87' lang='lat' dir='ltr'><strong>poterit</strong></span> <span class='ocrx_word' id='word_1_77' title='bbox 914 1697 983 1745; x_wconf 91' lang='lat' dir='ltr'><strong>nos</strong></span> <span class='ocrx_word' id='word_1_78' title='bbox 1005 1697 1187 1762; x_wconf 82' lang='lat' dir='ltr'><strong>separare</strong></span> <span class='ocrx_word' id='word_1_79' title='bbox 1206 1698 1226 1745; x_wconf 88' lang='lat' dir='ltr'><strong>a</strong></span> <span class='ocrx_word' id='word_1_80' title='bbox 1243 1678 1418 1744; x_wconf 87' lang='lat' dir='ltr'><strong>caritate</strong></span> 
     </span>
     <span class='ocr_line' id='line_1_13' title="bbox 290 1779 1417 1863; baseline 0.003 -18"><span class='ocrx_word' id='word_1_81' title='bbox 290 1779 352 1845; x_wconf 92' lang='lat' dir='ltr'><strong>dsi</strong></span> <span class='ocrx_word' id='word_1_82' title='bbox 384 1798 480 1863; x_wconf 87' lang='lat' dir='ltr'><strong>quae</strong></span> <span class='ocrx_word' id='word_1_83' title='bbox 506 1783 568 1847; x_wconf 91' lang='lat' dir='ltr'><strong>est</strong></span> <span class='ocrx_word' id='word_1_84' title='bbox 594 1781 633 1846; x_wconf 92' lang='lat' dir='ltr'><strong>in</strong></span> <span class='ocrx_word' id='word_1_85' title='bbox 663 1780 822 1849; x_wconf 77' lang='lat' dir='ltr'><strong>cbristo</strong></span> <span class='ocrx_word' id='word_1_86' title='bbox 850 1782 941 1849; x_wconf 90' lang='lat' dir='ltr'><strong>Iesu</strong></span> <span class='ocrx_word' id='word_1_87' title='bbox 969 1783 1125 1850; x_wconf 92' lang='lat' dir='ltr'><strong>domino</strong></span> <span class='ocrx_word' id='word_1_88' title='bbox 1152 1786 1313 1850; x_wconf 77' lang='lat' dir='ltr'><strong>nostro?</strong></span> <span class='ocrx_word' id='word_1_89' title='bbox 1336 1781 1417 1848; x_wconf 90' lang='lat' dir='ltr'><strong>uude</strong></span> 
     </span>
     <span class='ocr_line' id='line_1_14' title="bbox 290 1883 1418 1965; baseline 0.002 -18"><span class='ocrx_word' id='word_1_90' title='bbox 290 1900 363 1965; x_wconf 78' lang='lat' dir='ltr'><strong>ergo</strong></span> <span class='ocrx_word' id='word_1_91' title='bbox 386 1884 492 1949; x_wconf 89' lang='lat' dir='ltr'><strong>tautae</strong></span> <span class='ocrx_word' id='word_1_92' title='bbox 514 1883 654 1949; x_wconf 85' lang='lat' dir='ltr'><strong>malitiae</strong></span> <span class='ocrx_word' id='word_1_93' title='bbox 677 1885 801 1951; x_wconf 88' lang='lat' dir='ltr'><strong>aemula</strong></span> <span class='ocrx_word' id='word_1_94' title='bbox 827 1884 917 1952; x_wconf 90' lang='lat' dir='ltr'><strong>uobis</strong></span> <span class='ocrx_word' id='word_1_95' title='bbox 939 1886 1068 1951; x_wconf 87' lang='lat' dir='ltr'><strong>emersit</strong></span> <span class='ocrx_word' id='word_1_96' title='bbox 1090 1887 1289 1954; x_wconf 77' lang='lat' dir='ltr'><strong>aduersitns?</strong></span> <span class='ocrx_word' id='word_1_97' title='bbox 1317 1896 1358 1951; x_wconf 82' lang='lat' dir='ltr'><strong>un</strong></span> <span class='ocrx_word' id='word_1_98' title='bbox 1380 1886 1418 1950; x_wconf 93' lang='lat' dir='ltr'><strong>ad</strong></span> 
     </span>
     <span class='ocr_line' id='line_1_15' title="bbox 290 1983 1418 2069; baseline 0.005 -22"><span class='ocrx_word' id='word_1_99' title='bbox 290 1983 349 2050; x_wconf 88' lang='lat' dir='ltr'><strong>boc</strong></span> <span class='ocrx_word' id='word_1_100' title='bbox 375 1986 548 2067; x_wconf 80' lang='lat' dir='ltr'><strong>potestates</strong></span> <span class='ocrx_word' id='word_1_101' title='bbox 576 1986 701 2051; x_wconf 83' lang='lat' dir='ltr'><strong>istaes</strong></span> <span class='ocrx_word' id='word_1_102' title='bbox 729 1987 854 2053; x_wconf 92' lang='lat' dir='ltr'><strong>domiuo</strong></span> <span class='ocrx_word' id='word_1_103' title='bbox 883 1987 1022 2055; x_wconf 86' lang='lat' dir='ltr'><strong>conditas</strong></span> <span class='ocrx_word' id='word_1_104' title='bbox 1052 2006 1118 2055; x_wconf 89' lang='lat' dir='ltr'><strong>esse</strong></span> <span class='ocrx_word' id='word_1_105' title='bbox 1146 1989 1334 2055; x_wconf 85' lang='lat' dir='ltr'><strong>credendum</strong></span> <span class='ocrx_word' id='word_1_106' title='bbox 1362 1991 1418 2069; x_wconf 78' lang='lat' dir='ltr'><strong>eet,</strong></span> 
     </span>
     <span class='ocr_line' id='line_1_16' title="bbox 291 2085 1449 2173; baseline 0.003 -23"><span class='ocrx_word' id='word_1_107' title='bbox 291 2090 327 2151; x_wconf 92' lang='lat' dir='ltr'><strong>ut</strong></span> <span class='ocrx_word' id='word_1_108' title='bbox 354 2085 404 2152; x_wconf 91' lang='lat' dir='ltr'><strong>bis</strong></span> <span class='ocrx_word' id='word_1_109' title='bbox 434 2090 540 2153; x_wconf 87' lang='lat' dir='ltr'><strong>contra</strong></span> <span class='ocrx_word' id='word_1_110' title='bbox 561 2088 719 2154; x_wconf 90' lang='lat' dir='ltr'><strong>bominem</strong></span> <span class='ocrx_word' id='word_1_111' title='bbox 745 2089 898 2172; x_wconf 81' lang='lat' dir='ltr'><strong>gradibus</strong></span> <span class='ocrx_word' id='word_1_112' title='bbox 921 2094 1016 2173; x_wconf 87' lang='lat' dir='ltr'><strong>utque</strong></span> <span class='ocrx_word' id='word_1_113' title='bbox 1038 2090 1198 2158; x_wconf 88' lang='lat' dir='ltr'><strong>ordinibus</strong></span> <span class='ocrx_word' id='word_1_114' title='bbox 1221 2090 1449 2157; x_wconf 74' lang='lat' dir='ltr'><strong>militarentius</strong></span> 
     </span>
    </p>
   </div>
   <div class='ocr_carea' id='block_1_4' title="bbox 257 2206 1447 3430">
    <p class='ocr_par' dir='ltr' id='par_1_4' title="bbox 288 2206 1447 3001">
     <span class='ocr_line' id='line_1_17' title="bbox 332 2206 1417 2295; baseline 0.005 -24"><span class='ocrx_word' id='word_1_115' title='bbox 332 2206 393 2272; x_wconf 94' lang='lat' dir='ltr'><strong>III.</strong></span> <span class='ocrx_word' id='word_1_116' title='bbox 417 2225 581 2275; x_wconf 77' lang='lat' dir='ltr'><strong>suenrus:</strong></span> <span class='ocrx_word' id='word_1_117' title='bbox 606 2210 791 2275; x_wconf 88' lang='lat' dir='ltr'><strong>Diuiuarum</strong></span> <span class='ocrx_word' id='word_1_118' title='bbox 814 2212 1042 2295; x_wconf 88' lang='lat' dir='ltr'><strong>scripturarum</strong></span> <span class='ocrx_word' id='word_1_119' title='bbox 1060 2214 1230 2278; x_wconf 85' lang='lat' dir='ltr'><strong>auctoritas</strong></span> <span class='ocrx_word' id='word_1_120' title='bbox 1253 2210 1291 2277; x_wconf 91' lang='lat' dir='ltr'><strong>ds</strong></span> <span class='ocrx_word' id='word_1_121' title='bbox 1314 2211 1417 2277; x_wconf 91' lang='lat' dir='ltr'><strong>bisin</strong></span> 
     </span>
     <span class='ocr_line' id='line_1_18' title="bbox 289 2308 1417 2399; baseline 0.007 -26"><span class='ocrx_word' id='word_1_122' title='bbox 289 2308 404 2391; x_wconf 87' lang='lat' dir='ltr'><strong>quibus</strong></span> <span class='ocrx_word' id='word_1_123' title='bbox 433 2330 489 2377; x_wconf 89' lang='lat' dir='ltr'><strong>uos</strong></span> <span class='ocrx_word' id='word_1_124' title='bbox 517 2311 618 2377; x_wconf 89' lang='lat' dir='ltr'><strong>uoluit</strong></span> <span class='ocrx_word' id='word_1_125' title='bbox 651 2312 774 2377; x_wconf 93' lang='lat' dir='ltr'><strong>erudire</strong></span> <span class='ocrx_word' id='word_1_126' title='bbox 808 2313 959 2396; x_wconf 84' lang='lat' dir='ltr'><strong>quaedam</strong></span> <span class='ocrx_word' id='word_1_127' title='bbox 992 2313 1089 2381; x_wconf 86' lang='lat' dir='ltr'><strong>etiam</strong></span> <span class='ocrx_word' id='word_1_128' title='bbox 1118 2314 1166 2381; x_wconf 92' lang='lat' dir='ltr'><strong>bis</strong></span> <span class='ocrx_word' id='word_1_129' title='bbox 1196 2316 1249 2399; x_wconf 89' lang='lat' dir='ltr'><strong>qui</strong></span> <span class='ocrx_word' id='word_1_130' title='bbox 1277 2315 1417 2381; x_wconf 81' lang='lat' dir='ltr'><strong>acumine</strong></span> 
     </span>
     <span class='ocr_line' id='line_1_19' title="bbox 288 2412 1415 2499; baseline 0.005 -22"><span class='ocrx_word' id='word_1_131' title='bbox 288 2412 410 2498; x_wconf 80' lang='lat' dir='ltr'><strong>ingenii</strong></span> <span class='ocrx_word' id='word_1_132' title='bbox 432 2416 538 2480; x_wconf 86' lang='lat' dir='ltr'><strong>cereut</strong></span> <span class='ocrx_word' id='word_1_133' title='bbox 559 2418 627 2481; x_wconf 86' lang='lat' dir='ltr'><strong>tem</strong></span> <span class='ocrx_word' id='word_1_134' title='bbox 647 2416 749 2482; x_wconf 85' lang='lat' dir='ltr'><strong>lucide</strong></span> <span class='ocrx_word' id='word_1_135' title='bbox 774 2421 806 2483; x_wconf 92' lang='lat' dir='ltr'><strong>st</strong></span> <span class='ocrx_word' id='word_1_136' title='bbox 829 2417 988 2483; x_wconf 88' lang='lat' dir='ltr'><strong>euidenter</strong></span> <span class='ocrx_word' id='word_1_137' title='bbox 1004 2418 1170 2499; x_wconf 81' lang='lat' dir='ltr'><strong>effataest,</strong></span> <span class='ocrx_word' id='word_1_138' title='bbox 1187 2423 1299 2485; x_wconf 91' lang='lat' dir='ltr'><strong>utnon</strong></span> <span class='ocrx_word' id='word_1_139' title='bbox 1316 2419 1415 2483; x_wconf 90' lang='lat' dir='ltr'><strong>solum</strong></span> 
     </span>
     <span class='ocr_line' id='line_1_20' title="bbox 290 2517 1415 2608; baseline 0.003 -26"><span class='ocrx_word' id='word_1_140' title='bbox 290 2517 380 2585; x_wconf 84' lang='lat' dir='ltr'><strong>nulla</strong></span> <span class='ocrx_word' id='word_1_141' title='bbox 394 2518 573 2585; x_wconf 88' lang='lat' dir='ltr'><strong>occultioris</strong></span> <span class='ocrx_word' id='word_1_142' title='bbox 588 2538 697 2585; x_wconf 91' lang='lat' dir='ltr'><strong>seusus</strong></span> <span class='ocrx_word' id='word_1_143' title='bbox 713 2521 903 2587; x_wconf 83' lang='lat' dir='ltr'><strong>obscuritate</strong></span> <span class='ocrx_word' id='word_1_144' title='bbox 917 2522 1071 2602; x_wconf 85' lang='lat' dir='ltr'><strong>uolentur‚</strong></span> <span class='ocrx_word' id='word_1_145' title='bbox 1088 2523 1142 2589; x_wconf 91' lang='lat' dir='ltr'><strong>sed</strong></span> <span class='ocrx_word' id='word_1_146' title='bbox 1157 2541 1197 2589; x_wconf 92' lang='lat' dir='ltr'><strong>ne</strong></span> <span class='ocrx_word' id='word_1_147' title='bbox 1212 2523 1276 2589; x_wconf 92' lang='lat' dir='ltr'><strong>ullo</strong></span> <span class='ocrx_word' id='word_1_148' title='bbox 1292 2522 1415 2608; x_wconf 90' lang='lat' dir='ltr'><strong>quidem</strong></span> 
     </span>
     <span class='ocr_line' id='line_1_21' title="bbox 290 2621 1447 2711; baseline 0.003 -25"><span class='ocrx_word' id='word_1_149' title='bbox 290 2621 460 2704; x_wconf 84' lang='lat' dir='ltr'><strong>patrocinio</strong></span> <span class='ocrx_word' id='word_1_150' title='bbox 490 2623 759 2706; x_wconf 83' lang='lat' dir='ltr'><strong>interpretationis</strong></span> <span class='ocrx_word' id='word_1_151' title='bbox 787 2625 949 2710; x_wconf 83' lang='lat' dir='ltr'><strong>indigeant</strong></span> <span class='ocrx_word' id='word_1_152' title='bbox 972 2626 1004 2691; x_wconf 92' lang='lat' dir='ltr'><strong>st</strong></span> <span class='ocrx_word' id='word_1_153' title='bbox 1025 2626 1058 2691; x_wconf 91' lang='lat' dir='ltr'><strong>iu</strong></span> <span class='ocrx_word' id='word_1_154' title='bbox 1085 2625 1250 2711; x_wconf 88' lang='lat' dir='ltr'><strong>superficie</strong></span> <span class='ocrx_word' id='word_1_155' title='bbox 1273 2625 1358 2691; x_wconf 89' lang='lat' dir='ltr'><strong>uocis</strong></span> <span class='ocrx_word' id='word_1_156' title='bbox 1379 2643 1447 2691; x_wconf 80' lang='lat' dir='ltr'><strong>aceo</strong></span> 
     </span>
     <span class='ocr_line' id='line_1_22' title="bbox 290 2725 1415 2813; baseline 0.003 -23"><span class='ocrx_word' id='word_1_157' title='bbox 290 2725 415 2791; x_wconf 87' lang='lat' dir='ltr'><strong>litteras</strong></span> <span class='ocrx_word' id='word_1_158' title='bbox 437 2743 508 2792; x_wconf 93' lang='lat' dir='ltr'><strong>suos</strong></span> <span class='ocrx_word' id='word_1_159' title='bbox 529 2726 709 2793; x_wconf 87' lang='lat' dir='ltr'><strong>intellectus</strong></span> <span class='ocrx_word' id='word_1_160' title='bbox 724 2746 760 2793; x_wconf 90' lang='lat' dir='ltr'><strong>ao</strong></span> <span class='ocrx_word' id='word_1_161' title='bbox 774 2729 945 2795; x_wconf 89' lang='lat' dir='ltr'><strong>sententias</strong></span> <span class='ocrx_word' id='word_1_162' title='bbox 966 2729 1157 2813; x_wconf 83' lang='lat' dir='ltr'><strong>praeierant:</strong></span> <span class='ocrx_word' id='word_1_163' title='bbox 1175 2731 1328 2812; x_wconf 85' lang='lat' dir='ltr'><strong>quaedam</strong></span> <span class='ocrx_word' id='word_1_164' title='bbox 1342 2746 1415 2793; x_wconf 92' lang='lat' dir='ltr'><strong>uero</strong></span> 
     </span>
     <span class='ocr_line' id='line_1_23' title="bbox 289 2828 1415 2916; baseline 0.003 -25"><span class='ocrx_word' id='word_1_165' title='bbox 289 2829 335 2893; x_wconf 85' lang='lat' dir='ltr'><strong>ita</strong></span> <span class='ocrx_word' id='word_1_166' title='bbox 368 2828 511 2895; x_wconf 87' lang='lat' dir='ltr'><strong>contecta</strong></span> <span class='ocrx_word' id='word_1_167' title='bbox 543 2833 575 2894; x_wconf 92' lang='lat' dir='ltr'><strong>st</strong></span> <span class='ocrx_word' id='word_1_168' title='bbox 608 2831 791 2913; x_wconf 87' lang='lat' dir='ltr'><strong>quibusdam</strong></span> <span class='ocrx_word' id='word_1_169' title='bbox 825 2835 899 2897; x_wconf 89' lang='lat' dir='ltr'><strong>suut</strong></span> <span class='ocrx_word' id='word_1_170' title='bbox 928 2831 1092 2898; x_wconf 91' lang='lat' dir='ltr'><strong>obscurata</strong></span> <span class='ocrx_word' id='word_1_171' title='bbox 1120 2830 1288 2916; x_wconf 81' lang='lat' dir='ltr'><strong>mysteriis,</strong></span> <span class='ocrx_word' id='word_1_172' title='bbox 1318 2829 1415 2897; x_wconf 88' lang='lat' dir='ltr'><strong>utin</strong></span> 
     </span>
     <span class='ocr_line' id='line_1_24' title="bbox 288 2930 1416 3001; baseline 0.002 -6"><span class='ocrx_word' id='word_1_173' title='bbox 288 2949 395 2996; x_wconf 90' lang='lat' dir='ltr'><strong>eorum</strong></span> <span class='ocrx_word' id='word_1_174' title='bbox 431 2930 622 2997; x_wconf 89' lang='lat' dir='ltr'><strong>discussions</strong></span> <span class='ocrx_word' id='word_1_175' title='bbox 660 2933 692 2999; x_wconf 90' lang='lat' dir='ltr'><strong>et</strong></span> <span class='ocrx_word' id='word_1_176' title='bbox 727 2933 892 3000; x_wconf 89' lang='lat' dir='ltr'><strong>intellectu</strong></span> <span class='ocrx_word' id='word_1_177' title='bbox 936 2933 1115 3001; x_wconf 91' lang='lat' dir='ltr'><strong>inmensum</strong></span> <span class='ocrx_word' id='word_1_178' title='bbox 1153 2934 1241 3000; x_wconf 92' lang='lat' dir='ltr'><strong>uobis</strong></span> <span class='ocrx_word' id='word_1_179' title='bbox 1280 2932 1416 2998; x_wconf 85' lang='lat' dir='ltr'><strong>exercitii</strong></span> 
     </span>
    </p>

    <p class='ocr_par' dir='ltr' id='par_1_5' title="bbox 257 3023 1447 3430">
     <span class='ocr_line' id='line_1_25' title="bbox 257 3023 1415 3121; baseline 0.003 -24"><span class='ocrx_word' id='word_1_180' title='bbox 257 3023 436 3118; x_wconf 68' lang='lat' dir='ltr'><strong>Veampum</strong></span> <span class='ocrx_word' id='word_1_181' title='bbox 467 3054 504 3101; x_wconf 88' lang='lat' dir='ltr'><strong>ac</strong></span> <span class='ocrx_word' id='word_1_182' title='bbox 537 3036 760 3104; x_wconf 87' lang='lat' dir='ltr'><strong>sollicitudinis</strong></span> <span class='ocrx_word' id='word_1_183' title='bbox 790 3041 973 3104; x_wconf 87' lang='lat' dir='ltr'><strong>reseruarst.</strong></span> <span class='ocrx_word' id='word_1_184' title='bbox 1011 3056 1106 3121; x_wconf 86' lang='lat' dir='ltr'><strong>quam</strong></span> <span class='ocrx_word' id='word_1_185' title='bbox 1135 3057 1203 3104; x_wconf 90' lang='lat' dir='ltr'><strong>rem</strong></span> <span class='ocrx_word' id='word_1_186' title='bbox 1230 3038 1350 3103; x_wconf 83' lang='lat' dir='ltr'><strong>multus</strong></span> <span class='ocrx_word' id='word_1_187' title='bbox 1377 3036 1415 3102; x_wconf 92' lang='lat' dir='ltr'><strong>ob</strong></span> 
     </span>
     <span class='ocr_line' id='line_1_26' title="bbox 289 3137 1447 3226; baseline 0.001 -23"><span class='ocrx_word' id='word_1_188' title='bbox 289 3155 397 3203; x_wconf 71' lang='lat' dir='ltr'><strong>musas</strong></span> <span class='ocrx_word' id='word_1_189' title='bbox 412 3140 503 3203; x_wconf 91' lang='lat' dir='ltr'><strong>deum</strong></span> <span class='ocrx_word' id='word_1_190' title='bbox 520 3137 714 3222; x_wconf 84' lang='lat' dir='ltr'><strong>dispensasse</strong></span> <span class='ocrx_word' id='word_1_191' title='bbox 728 3139 929 3207; x_wconf 84' lang='lat' dir='ltr'><strong>manifestum</strong></span> <span class='ocrx_word' id='word_1_192' title='bbox 945 3143 1009 3207; x_wconf 88' lang='lat' dir='ltr'><strong>est:</strong></span> <span class='ocrx_word' id='word_1_193' title='bbox 1020 3140 1158 3226; x_wconf 91' lang='lat' dir='ltr'><strong>primurn</strong></span> <span class='ocrx_word' id='word_1_194' title='bbox 1169 3159 1208 3208; x_wconf 94' lang='lat' dir='ltr'><strong>ue</strong></span> <span class='ocrx_word' id='word_1_195' title='bbox 1219 3142 1447 3207; x_wconf 70' lang='lat' dir='ltr'><strong>sacramentam</strong></span> 
     </span>
     <span class='ocr_line' id='line_1_27' title="bbox 290 3240 1414 3326; baseline -0.001 -19"><span class='ocrx_word' id='word_1_196' title='bbox 290 3241 397 3307; x_wconf 80' lang='lat' dir='ltr'><strong>diuino</strong></span> <span class='ocrx_word' id='word_1_197' title='bbox 412 3240 536 3306; x_wconf 89' lang='lat' dir='ltr'><strong>nullum</strong></span> <span class='ocrx_word' id='word_1_198' title='bbox 551 3241 703 3308; x_wconf 90' lang='lat' dir='ltr'><strong>habentia</strong></span> <span class='ocrx_word' id='word_1_199' title='bbox 718 3243 869 3326; x_wconf 89' lang='lat' dir='ltr'><strong>spiritalis</strong></span> <span class='ocrx_word' id='word_1_200' title='bbox 890 3243 1071 3310; x_wconf 89' lang='lat' dir='ltr'><strong>intellectus</strong></span> <span class='ocrx_word' id='word_1_201' title='bbox 1087 3244 1230 3310; x_wconf 87' lang='lat' dir='ltr'><strong>uelamen</strong></span> <span class='ocrx_word' id='word_1_202' title='bbox 1245 3243 1414 3310; x_wconf 91' lang='lat' dir='ltr'><strong>obductum</strong></span> 
     </span>
     <span class='ocr_line' id='line_1_28' title="bbox 289 3343 1413 3430; baseline 0 -21"><span class='ocrx_word' id='word_1_203' title='bbox 289 3343 409 3410; x_wconf 89' lang='lat' dir='ltr'><strong>cunctis</strong></span> <span class='ocrx_word' id='word_1_204' title='bbox 432 3343 624 3426; x_wconf 87' lang='lat' dir='ltr'><strong>bominibus,</strong></span> <span class='ocrx_word' id='word_1_205' title='bbox 647 3343 680 3409; x_wconf 95' lang='lat' dir='ltr'><strong>id</strong></span> <span class='ocrx_word' id='word_1_206' title='bbox 704 3345 753 3411; x_wconf 89' lang='lat' dir='ltr'><strong>est</strong></span> <span class='ocrx_word' id='word_1_207' title='bbox 773 3349 841 3410; x_wconf 88' lang='lat' dir='ltr'><strong>tam</strong></span> <span class='ocrx_word' id='word_1_208' title='bbox 863 3345 1009 3411; x_wconf 87' lang='lat' dir='ltr'><strong>fidelibus</strong></span> <span class='ocrx_word' id='word_1_209' title='bbox 1026 3365 1120 3430; x_wconf 89' lang='lat' dir='ltr'><strong>quam</strong></span> <span class='ocrx_word' id='word_1_210' title='bbox 1134 3345 1276 3428; x_wconf 79' lang='lat' dir='ltr'><strong>prolenis</strong></span> <span class='ocrx_word' id='word_1_211' title='bbox 1292 3345 1413 3429; x_wconf 84' lang='lat' dir='ltr'><strong>aequali</strong></span> 
     </span>
    </p>
   </div>
   <div class='ocr_carea' id='block_1_5' title="bbox 391 3581 984 3653">
    <p class='ocr_par' dir='ltr' id='par_1_6' title="bbox 391 3581 984 3653">
     <span class='ocr_line' id='line_1_29' title="bbox 391 3581 984 3653; baseline 0 -15"><span class='ocrx_word' id='word_1_212' title='bbox 391 3581 493 3653; x_wconf 75' lang='lat' dir='ltr'><strong>eope.</strong></span> <span class='ocrx_word' id='word_1_213' title='bbox 511 3583 537 3652; x_wconf 86' lang='lat' dir='ltr'><strong>c,</strong></span> <span class='ocrx_word' id='word_1_214' title='bbox 557 3583 589 3638; x_wconf 81' lang='lat' dir='ltr'><strong>ne</strong></span> <span class='ocrx_word' id='word_1_215' title='bbox 692 3583 728 3637; x_wconf 81' lang='lat' dir='ltr'><strong>uo</strong></span> <span class='ocrx_word' id='word_1_216' title='bbox 744 3581 821 3636; x_wconf 71' lang='lat' dir='ltr'><strong>eom.</strong></span> <span class='ocrx_word' id='word_1_217' title='bbox 839 3584 865 3648; x_wconf 85' lang='lat' dir='ltr'><strong>e,</strong></span> <span class='ocrx_word' id='word_1_218' title='bbox 882 3582 984 3638; x_wconf 84' lang='lat' dir='ltr'><strong>as-es</strong></span> 
     </span>
    </p>
   </div>
   <div class='ocr_carea' id='block_1_6' title="bbox 287 3803 1414 4131">
    <p class='ocr_par' dir='ltr' id='par_1_7' title="bbox 287 3803 1414 4131">
     <span class='ocr_line' id='line_1_30' title="bbox 341 3803 1349 3876; baseline 0.002 -16"><span class='ocrx_word' id='word_1_219' title='bbox 341 3807 354 3861; x_wconf 94' lang='lat' dir='ltr'><strong>l</strong></span> <span class='ocrx_word' id='word_1_220' title='bbox 374 3803 469 3876; x_wconf 87' lang='lat' dir='ltr'><strong>inquid</strong></span> <span class='ocrx_word' id='word_1_221' title='bbox 491 3805 572 3861; x_wconf 89' lang='lat' dir='ltr'><strong>VDP</strong></span> <span class='ocrx_word' id='word_1_222' title='bbox 662 3821 736 3860; x_wconf 85' lang='lat' dir='ltr'><strong>senes</strong></span> <span class='ocrx_word' id='word_1_223' title='bbox 758 3805 782 3861; x_wconf 93' lang='lat'><em>0</em></span> <span class='ocrx_word' id='word_1_224' title='bbox 874 3806 984 3860; x_wconf 73' lang='lat' dir='ltr'><strong>corum</strong></span> <span class='ocrx_word' id='word_1_225' title='bbox 1002 3805 1112 3861; x_wconf 80' lang='lat' dir='ltr'>DW&#39;O</span> <span class='ocrx_word' id='word_1_226' title='bbox 1207 3806 1306 3861; x_wconf 75' lang='lat' dir='ltr'><strong>dtnno</strong></span> <span class='ocrx_word' id='word_1_227' title='bbox 1326 3805 1349 3862; x_wconf 88' lang='lat'><em>0</em></span> 
     </span>
     <span class='ocr_line' id='line_1_31' title="bbox 287 3890 1414 3962; baseline -0.001 -16"><span class='ocrx_word' id='word_1_228' title='bbox 287 3892 471 3948; x_wconf 82' lang='lat' dir='ltr'><strong>aduersarium</strong></span> <span class='ocrx_word' id='word_1_229' title='bbox 497 3891 525 3945; x_wconf 92' lang='lat' dir='ltr'><strong><em>D</em></strong></span> <span class='ocrx_word' id='word_1_230' title='bbox 627 3893 645 3946; x_wconf 87' lang='lat'>4</span> <span class='ocrx_word' id='word_1_231' title='bbox 668 3893 717 3946; x_wconf 87' lang='lat' dir='ltr'><strong>bac</strong></span> <span class='ocrx_word' id='word_1_232' title='bbox 738 3893 776 3947; x_wconf 86' lang='lat' dir='ltr'><strong>VV</strong></span> <span class='ocrx_word' id='word_1_233' title='bbox 878 3891 1065 3947; x_wconf 71' lang='lat' dir='ltr'><strong>clinomeni</strong></span> <span class='ocrx_word' id='word_1_234' title='bbox 1087 3890 1122 3946; x_wconf 86' lang='lat' dir='ltr'><strong>V¹</strong></span> <span class='ocrx_word' id='word_1_235' title='bbox 1224 3891 1414 3962; x_wconf 73' lang='lat' dir='ltr'><strong>bsengusnim</strong></span> 
     </span>
     <span class='ocr_line' id='line_1_32' title="bbox 293 3975 1347 4046; baseline -0.001 -14"><span class='ocrx_word' id='word_1_236' title='bbox 293 3979 319 4032; x_wconf 97' lang='lat' dir='ltr'><strong><em>V</em></strong></span> <span class='ocrx_word' id='word_1_237' title='bbox 430 3978 447 4032; x_wconf 86' lang='lat'>9</span> <span class='ocrx_word' id='word_1_238' title='bbox 473 3977 594 4046; x_wconf 87' lang='lat' dir='ltr'><strong>nequitia</strong></span> <span class='ocrx_word' id='word_1_239' title='bbox 623 3977 646 4033; x_wconf 93' lang='grc'><em>0</em></span> <span class='ocrx_word' id='word_1_240' title='bbox 760 3978 792 4032; x_wconf 93' lang='lat'><strong>11</strong></span> <span class='ocrx_word' id='word_1_241' title='bbox 820 3977 937 4032; x_wconf 80' lang='lat' dir='ltr'><strong>karitate</strong></span> <span class='ocrx_word' id='word_1_242' title='bbox 966 3977 989 4032; x_wconf 91' lang='lat'><em>0</em></span> <span class='ocrx_word' id='word_1_243' title='bbox 1104 3975 1136 4029; x_wconf 83' lang='lat'><strong>13</strong></span> <span class='ocrx_word' id='word_1_244' title='bbox 1162 3976 1280 4030; x_wconf 85' lang='lat' dir='ltr'><strong>militiae</strong></span> <span class='ocrx_word' id='word_1_245' title='bbox 1308 3977 1347 4031; x_wconf 70' lang='lat'><strong>12¹</strong></span> 
     </span>
     <span class='ocr_line' id='line_1_33' title="bbox 289 4061 1413 4131; baseline -0.001 -14"><span class='ocrx_word' id='word_1_246' title='bbox 289 4065 322 4118; x_wconf 88' lang='grc'><strong>15</strong></span> <span class='ocrx_word' id='word_1_247' title='bbox 349 4063 487 4118; x_wconf 89' lang='lat' dir='ltr'><strong>hominnm</strong></span> <span class='ocrx_word' id='word_1_248' title='bbox 514 4062 597 4118; x_wconf 78' lang='lat' dir='ltr'><strong>12¹W</strong></span> <span class='ocrx_word' id='word_1_249' title='bbox 698 4063 785 4131; x_wconf 84' lang='lat' dir='ltr'><strong>adque</strong></span> <span class='ocrx_word' id='word_1_250' title='bbox 811 4061 864 4117; x_wconf 87' lang='lat' dir='ltr'><strong>VP</strong></span> <span class='ocrx_word' id='word_1_251' title='bbox 966 4063 999 4117; x_wconf 85' lang='grc'><strong>16</strong></span> <span class='ocrx_word' id='word_1_252' title='bbox 1023 4064 1116 4117; x_wconf 85' lang='lat' dir='ltr'><strong>scribt.</strong></span> <span class='ocrx_word' id='word_1_253' title='bbox 1141 4061 1172 4116; x_wconf 85' lang='lat' dir='ltr'>X</span> <span class='ocrx_word' id='word_1_254' title='bbox 1277 4061 1310 4117; x_wconf 90' lang='lat'><strong>18</strong></span> <span class='ocrx_word' id='word_1_255' title='bbox 1333 4061 1413 4116; x_wconf 77' lang='lat' dir='ltr'><strong>allatu</strong></span> 
     </span>
    </p>
   </div>
   <div class='ocr_carea' id='block_1_7' title="bbox 286 4149 1347 4251">
    <p class='ocr_par' dir='ltr' id='par_1_8' title="bbox 286 4149 1347 4251">
     <span class='ocr_line' id='line_1_34' title="bbox 286 4149 1347 4251; baseline 0 -11"><span class='ocrx_word' id='word_1_256' title='bbox 286 4184 329 4240; x_wconf 72' lang='lat'><strong>11¹</strong></span> <span class='ocrx_word' id='word_1_257' title='bbox 420 4149 668 4251; x_wconf 64' lang='lat' dir='ltr'><strong>nocturninum</strong></span> <span class='ocrx_word' id='word_1_258' title='bbox 693 4183 849 4238; x_wconf 81' lang='lat' dir='ltr'><strong>occultiores</strong></span> <span class='ocrx_word' id='word_1_259' title='bbox 866 4183 904 4238; x_wconf 79' lang='lat' dir='ltr'><strong><em>W</em></strong></span> <span class='ocrx_word' id='word_1_260' title='bbox 989 4181 1121 4240; x_wconf 82' lang='lat' dir='ltr'><strong>ualentD</strong></span> <span class='ocrx_word' id='word_1_261' title='bbox 1146 4182 1283 4238; x_wconf 85' lang='lat' dir='ltr'><strong>uellentnr</strong></span> <span class='ocrx_word' id='word_1_262' title='bbox 1298 4183 1347 4240; x_wconf 83' lang='lat' dir='ltr'><strong>W¹</strong></span> 
     </span>
    </p>
   </div>
   <div class='ocr_carea' id='block_1_8' title="bbox 286 4285 1349 4443">
    <p class='ocr_par' dir='ltr' id='par_1_9' title="bbox 286 4285 1349 4443">
     <span class='ocr_line' id='line_1_35' title="bbox 287 4285 1349 4344; baseline -0.001 -2"><span class='ocrx_word' id='word_1_263' title='bbox 287 4287 320 4343; x_wconf 81' lang='lat'><strong>21</strong></span> <span class='ocrx_word' id='word_1_264' title='bbox 345 4304 407 4342; x_wconf 87' lang='lat' dir='ltr'><strong>suus</strong></span> <span class='ocrx_word' id='word_1_265' title='bbox 429 4286 456 4342; x_wconf 87' lang='lat' dir='ltr'><strong><em>V</em></strong></span> <span class='ocrx_word' id='word_1_266' title='bbox 555 4287 709 4344; x_wconf 87' lang='lat' dir='ltr'><strong>intellectur</strong></span> <span class='ocrx_word' id='word_1_267' title='bbox 731 4286 772 4343; x_wconf 85' lang='lat' dir='ltr'><strong>D¹</strong></span> <span class='ocrx_word' id='word_1_268' title='bbox 874 4287 910 4341; x_wconf 73' lang='grc'><strong>22</strong></span> <span class='ocrx_word' id='word_1_269' title='bbox 932 4287 1045 4342; x_wconf 79' lang='lat' dir='ltr'><strong>obscura</strong></span> <span class='ocrx_word' id='word_1_270' title='bbox 1071 4286 1095 4343; x_wconf 91' lang='grc'><em>0</em></span> <span class='ocrx_word' id='word_1_271' title='bbox 1196 4286 1270 4342; x_wconf 83' lang='lat' dir='ltr'><strong>mist</strong></span> <span class='ocrx_word' id='word_1_272' title='bbox 1293 4285 1349 4342; x_wconf 79' lang='lat' dir='ltr'><strong>Do</strong></span> 
     </span>
     <span class='ocr_line' id='line_1_36' title="bbox 286 4372 1233 4443; baseline 0 -14"><span class='ocrx_word' id='word_1_273' title='bbox 286 4374 322 4429; x_wconf 77' lang='lat'><strong>24</strong></span> <span class='ocrx_word' id='word_1_274' title='bbox 340 4375 506 4429; x_wconf 74' lang='lat' dir='ltr'><strong>asseruerant</strong></span> <span class='ocrx_word' id='word_1_275' title='bbox 523 4373 551 4428; x_wconf 89' lang='lat' dir='ltr'><strong><em>P</em></strong></span> <span class='ocrx_word' id='word_1_276' title='bbox 652 4373 686 4427; x_wconf 77' lang='lat'><strong>25</strong></span> <span class='ocrx_word' id='word_1_277' title='bbox 703 4373 784 4428; x_wconf 86' lang='lat' dir='ltr'><strong>deum</strong></span> <span class='ocrx_word' id='word_1_278' title='bbox 802 4389 853 4428; x_wconf 79' lang='lat' dir='ltr'><strong>one.</strong></span> <span class='ocrx_word' id='word_1_279' title='bbox 869 4373 911 4428; x_wconf 82' lang='lat' dir='ltr'><strong>D·</strong></span> <span class='ocrx_word' id='word_1_280' title='bbox 1014 4376 1185 4443; x_wconf 72' lang='lat' dir='ltr'><strong>sagramento</strong></span> <span class='ocrx_word' id='word_1_281' title='bbox 1205 4372 1233 4429; x_wconf 89' lang='lat' dir='ltr'><strong><em>V</em></strong></span> 
     </span>
    </p>
   </div>
   <div class='ocr_carea' id='block_1_9' title="bbox 0 0 1510 5200">
    <p class='ocr_par' dir='ltr' id='par_1_10' title="bbox 0 0 1510 5200">
     <span class='ocr_line' id='line_1_37' title="bbox 0 0 1510 5200; baseline 0 0"><span class='ocrx_word' id='word_1_282' title='bbox 0 0 1510 5200; x_wconf 95' lang='lat' dir='ltr'><strong> </strong></span> 
     </span>
    </p>
   </div>
  </div>
 </body>
</html>
