3009 5200
287 440 352 508 206
681 439 846 494 Iohannis
868 436 1024 494 (laesioni

291 648 351 713 que
384 646 474 694 aures
506 628 552 695 ita
585 627 711 694 auditus
743 627 862 713 proprii
895 627 1059 693 amieeriut
1091 645 1226 703 sensum,
1260 627 1298 692 ut
1325 627 1357 691 iu
1378 646 1415 691 eo

292 733 372 798 nibil
394 732 529 817 amplius
552 752 588 797 er
604 732 727 797 bomine
742 750 837 814 quam
851 731 1011 797 inmobilis
1029 733 1154 796 tantm
1173 731 1268 813 atque
1282 729 1415 794 insenu-

258 836 363 909 5bilis
386 836 488 921 ligura
508 838 691 901 remaneret.
729 852 765 899 eo
793 836 899 900 autem
927 837 1070 900 redaotus
1092 837 1150 916 est,
1178 838 1216 898 ut
1236 833 1416 899 infirmitati

289 939 356 1004 eius
372 939 459 1003 nullo
476 938 567 1004 modo
581 939 721 1003 uirorum
736 938 903 1021 diligentia
916 936 1073 1004 desereire
1088 936 1254 1014 suffloeret,
1272 936 1335 1001 nisi
1349 939 1417 1002 sola

288 1043 317 1107 ei
339 1040 503 1107 muliebris
526 1040 676 1106 sedulitas
698 1040 919 1106 ministrasset.
949 1058 1023 1106 uam
1045 1041 1149 1107 delato
1170 1041 1210 1107 ed
1232 1039 1416 1106 ooenobium
1440 1062 1455 1100 a

289 1162 446 1209 sacrarum
480 1144 641 1230 uirginum
674 1146 762 1211 oibus
789 1164 825 1211 ao
852 1149 956 1228 potus,
989 1163 1084 1228 quem
1111 1162 1152 1209 ne
1179 1145 1260 1210 nutu
1288 1144 1416 1227 quidem

289 1250 394 1330 petere
430 1250 561 1331 poterat,
600 1246 734 1313 femineo
771 1247 973 1333 ingerebatur
1009 1248 1157 1330 obsequie
1193 1246 1416 1331 explendisque

289 1353 432 1418 omnibus
454 1354 583 1416 naturae
605 1351 846 1417 neoessitetibus
869 1350 980 1416 eadem
1002 1351 1051 1416 illi
1067 1350 1233 1434 diligentia
1246 1367 1303 1431 per
1318 1366 1418 1415 annos

289 1454 387 1520 ferme
410 1456 564 1537 quattuor,
587 1453 622 1519 id
638 1455 686 1519 est
700 1473 799 1536 usque
814 1453 852 1518 ad
867 1454 953 1519 uitae
967 1470 1042 1519 suae
1063 1452 1235 1519 terminum
1248 1454 1417 1519 seruiebat.

257 1558 343 1639 6qui
367 1575 439 1622 oum
454 1557 544 1621 tauta
559 1557 642 1622 esset
656 1558 797 1622 omnium
812 1556 1022 1622 membrorum
1038 1556 1203 1623 debilitate
1217 1556 1417 1634 oonstdotus,
1429 1579 1457 1619 ιο

289 1664 325 1726 ut
347 1660 426 1727 nulli
448 1659 481 1725 iu
506 1678 541 1726 eo
565 1661 651 1725 artus
667 1662 810 1726 uiueoem
825 1663 946 1727 motum
962 1680 998 1727 ao
1012 1660 1194 1726 sensibilem
1209 1663 1417 1735 retentarent,

289 1762 496 1828 nihilominus
525 1766 614 1829 tanta
642 1782 678 1829 eu
701 1782 735 1828 eo
758 1764 915 1829 uirtutum
936 1764 1041 1847 gretie
1061 1762 1260 1847 prooedebat,
1283 1766 1320 1828 ut
1341 1780 1419 1828 oum

289 1865 327 1930 de
356 1866 434 1945 oleo,
469 1868 550 1949 quod
574 1867 724 1933 oadauere
747 1867 931 1950 enepotius
958 1886 1052 1950 quam
1074 1883 1200 1950 oorpore
1222 1868 1418 1951 eontigioeet

291 1969 505 2050 uuguereutur
519 1970 644 2048 infirmi,
660 1970 827 2035 confestim
842 1971 965 2036 eunetis
979 1969 1209 2037 ualitudiuibus
1220 1970 1418 2051 sumentur,

289 2072 333 2137 ita
355 2076 391 2137 ut
407 2090 500 2155 super
513 2071 571 2137 boo
586 2075 650 2138 eius
666 2072 842 2139 ualitudine
857 2074 952 2139 etiam
967 2074 1043 2155 ipsis
1057 2072 1239 2139 infideliter
1253 2073 1420 2139 euidenter
1431 2100 1458 2140 ιι

288 2178 455 2257 aperteque
499 2175 683 2241 olaresoeret
720 2182 751 2239 et
788 2175 988 2242 debilitatem
1024 2175 1237 2241 membrorum
1274 2176 1418 2242 omnium

288 2280 517 2361 dispensatione
546 2282 640 2361 atque
669 2294 774 2343 amore
802 2279 922 2345 domiui
944 2278 1158 2345 ooutributam
1186 2280 1221 2344 et
1241 2278 1420 2344 imitatum

288 2380 421 2462 gratiam
444 2400 499 2463 pre
522 2380 701 2447 testimonio
724 2382 873 2465 puritatis
894 2400 932 2448 ao
953 2382 1209 2449 manifestatione
1230 2385 1421 2449 meritorum

288 2487 317 2548 ei
340 2484 467 2566 spiritus
491 2484 591 2549 saneti
613 2486 733 2551 uirtute
757 2485 919 2568 praestari.

331 2603 461 2671 XXVII.
485 2603 644 2672 Secundus
673 2625 758 2684 uere,
790 2625 882 2689 quem
908 2605 1043 2672 diximus
1064 2609 1097 2672 in
1118 2607 1177 2672 bae
1197 2606 1323 2672 heremo
1345 2623 1460 2677 oon-so

289 2714 456 2786 moratum,
490 2727 559 2774 eum
587 2709 656 2794 ipse
684 2728 806 2794 quoque
838 2710 1006 2794 singularis
1036 2714 1068 2776 et
1095 2709 1338 2794 incorporabilis
1367 2711 1423 2775 uir

289 2812 380 2896 esset,
404 2810 443 2875 eb
459 2812 727 2894 reprehensionem
750 2816 842 2880 unius
857 2815 1019 2896 sermonis,
1036 2831 1128 2896 qnam
1143 2816 1253 2880 eontra
1268 2813 1423 2879 abbatem

290 2912 464 2980 biaoariam
492 2916 658 2997 disputans
686 2917 780 2999 paulo
814 2917 922 2982 durius
956 2915 1091 2999 protulit
1125 2915 1260 3001 quadem
1295 2915 1421 2982 soilioet

290 3015 434 3098 opinione
457 3020 655 3103 praeuentus,
679 3023 745 3084 tam
770 3019 836 3085 diro
859 3017 1025 3084 ooulestim
1042 3026 1088 3085 est
1103 3019 1239 3086 traditus
1262 3019 1421 3098 daemoni,

290 3121 327 3183 ut
348 3119 499 3186 humanas
523 3121 694 3204 egestiones
717 3121 762 3187 ori
786 3139 841 3186 suo
855 3121 894 3186 ab
912 3141 947 3187 eo
962 3122 1126 3205 suppletus
1142 3123 1309 3205 ingereret.
1333 3125 1420 3204 qnod
1432 3157 1460 3197 rs

290 3219 450 3306 flagellum
472 3224 668 3308 purgationis
696 3223 800 3309 gratia
822 3243 856 3290 se
878 3226 1023 3290 domiuus
1051 3225 1207 3310 intulisse,
1233 3244 1273 3290 ne
1295 3225 1423 3290 seilicet

291 3326 323 3390 in
356 3344 393 3391 eo
426 3326 477 3391 uel
512 3329 720 3394 momentanei
756 3329 862 3394 delioti
899 3329 1023 3396 macula
1055 3329 1215 3404 resideret,
1250 3327 1423 3394 uelocitate

289 3431 459 3495 curationis
497 3431 563 3496 eius
601 3435 694 3514 atque
732 3437 857 3498 auctore
893 3433 1023 3499 remedii
1060 3432 1299 3498 demonstrauit.
1343 3449 1424 3496 nam

343 3667 492 3721 lauditur
515 3657 695 3736 ppamiseriut
711 3669 741 3724 D
771 3669 920 3724 amiserunt
940 3670 994 3725 ΟΧ
1094 3683 1139 3726 eos
1155 3672 1196 3725 D¹
1299 3669 1424 3739 indque

295 3751 347 3807 VP
448 3754 570 3808 inullu
598 3754 645 3808 117Ι
749 3755 953 3825 Vexpletisque
979 3756 1074 3812 D¹W'
1176 3758 1305 3812 Saunue
1326 3755 1352 3809 V

289 3837 440 3907 equaauor
458 3839 517 3894 PX
609 3840 643 3896 10
660 3843 779 3894 omnium
797 3843 891 3896 osai)
983 3844 1015 3898 11
1033 3842 1160 3897 eeneibile
1181 3844 1220 3899 W
1307 3843 1340 3897 13
1358 3857 1423 3897 oor-

291 3939 354 3992 pore
376 3939 423 4011 suo
446 3924 476 3982 D
581 3925 614 3980 14
638 3929 824 3995 angustentur
846 3926 935 3982 VOX:
965 3943 1059 3996 unger.
1077 3928 1137 3984 rell.
1240 3929 1321 3983 ualet.
1341 3929 1423 3995 9¹0,

290 4027 355 4080 itera
372 4027 454 4094 infra
547 4029 580 4081 16
597 4029 747 4084 olarieoeret
765 4028 834 4083 D¹P
924 4029 1096 4085 debelitatem
1119 4031 1196 4086 V¹W
1220 4031 1361 4086 debilitate
1378 4031 1425 4086 D¹

295 4113 318 4167 O
400 4115 432 4168 l‘l
445 4112 569 4184 dispens]
583 4115 767 4184 desperatione
781 4116 808 4170 V
880 4115 965 4184 adque
982 4115 1035 4170 VP
1113 4117 1191 4187 usai]
1204 4117 1351 4174 etD¹WO

291 4203 348 4254 eine
367 4201 397 4255 X
490 4202 525 4256 20
542 4201 631 4256 XXVI
652 4203 690 4258 W
787 4219 817 4256 ao
838 4203 876 4257 W
973 4203 1009 4256 22
1025 4205 1112 4274 quem]
1129 4221 1156 4274 (ις
1173 4206 1215 4259 D¹
1311 4204 1425 4260 23ma·

291 4288 393 4341 carium
414 4287 449 4344 O:
479 4287 644 4342 macharium
662 4287 721 4342 rell.
807 4287 841 4341 25
859 4287 936 4342 abeo
953 4303 1006 4343 om.
1022 4289 1048 4343 V
1131 4289 1285 4360 eupplaetoa
1302 4291 1349 4346 W¹

292 4373 326 4426 28
349 4373 433 4443 adque
458 4373 508 4428 VP
