3009 5200
490 466 650 522 Conlatic
673 466 746 533 xm,
765 466 876 523 aa-aa
1184 476 1247 541 609

120 654 264 734 obiectio,
295 656 332 719 ut
360 658 539 719 exaestuare
569 656 759 724 extrinsecus
782 676 844 725 non
867 659 997 736 sinatur,
1021 665 1127 728 tamen
1151 662 1248 730 etiam

120 760 196 823 dum
225 757 387 824 cohibetur
416 759 563 840 incendit,
594 761 668 843 qnia
697 763 842 828 uoluntas
870 764 938 846 ipsa
960 765 1124 849 culpabilis
1147 771 1195 832 est
1217 769 1249 833 et

119 861 159 928 ad
192 864 406 929 uelocissimos
443 862 667 930 adulteriorum
699 868 843 949 raptatur
880 886 1021 933 excessus
1060 871 1248 936 consuetudo

120 967 314 1033 concubitus.
355 972 492 1033 ceterum
514 986 591 1051 qnos
613 968 717 1052 gratia
738 970 904 1035 saluatoris
928 974 1036 1038 sancto
1058 972 1277 1056 incorrupti-3

96 1070 187 1134 sonis
222 1090 326 1136 amore
357 1071 576 1150 flammauerit
609 1072 656 1137 ita
685 1091 793 1139 omnes
823 1074 996 1139 carnalium
1027 1074 1248 1143 desideriorum

118 1173 224 1256 spinas
261 1175 436 1241 dominicae
474 1174 615 1241 caritatis
646 1177 719 1257 igue
752 1182 950 1256 consumunt,
983 1179 1020 1242 ut
1050 1195 1106 1242 nec
1141 1183 1247 1262 tepens

118 1278 229 1343 fauilla
251 1278 401 1343 uitiorum
423 1278 619 1362 refrigerium
645 1278 840 1359 integritatis
866 1282 1034 1347 inminuat.
1072 1282 1151 1365 legis
1175 1301 1247 1367 ergo

118 1381 231 1448 famuli
253 1383 413 1448 licitorum
428 1402 487 1448 usu
503 1384 542 1448 ad
557 1384 680 1449 inlicita
694 1384 911 1466 prolabuntur,
933 1386 1052 1467 gratim
1068 1386 1246 1467 participes,

118 1484 194 1550 dum
223 1486 311 1551 licita
341 1488 556 1566 contemnunt,
586 1487 708 1552 inlicita
737 1506 799 1551 non
829 1493 993 1553 nonerunt.
1032 1489 1116 1555 sicut
1141 1492 1246 1555 autem

82 1608 110 1649 sc
118 1590 203 1655 uiuit
224 1590 258 1654 in
274 1591 408 1675 coniugii
423 1596 561 1656 amatore
575 1595 749 1674 peccatum,
770 1594 814 1657 ita
829 1594 925 1657 etiam
941 1593 973 1657 iu
990 1611 1024 1658 eo
1040 1593 1092 1675 qui
1109 1594 1246 1659 decimas

117 1712 192 1758 suas
214 1712 249 1758 ac
271 1693 427 1775 primitias
451 1693 576 1759 tantum
602 1693 766 1759 redhibere
788 1698 951 1760 contentus
968 1699 1025 1760 est.
1059 1714 1183 1762 necesse
1199 1700 1246 1762 est

117 1796 204 1862 enim
235 1816 316 1875 cnm,
346 1797 421 1862 dum
444 1798 548 1863 tardat
574 1804 628 1861 aut
650 1798 800 1882 neglegit,
832 1798 941 1864 autin
964 1800 1116 1882 qualitate
1139 1820 1245 1866 earum

116 1904 173 1966 aut
205 1901 381 1982 quantitate
414 1906 470 1966 aut
502 1900 536 1966 in
569 1902 724 1966 cotidiana
759 1900 979 1968 distributione
1012 1922 1146 1987 peccare.
1190 1897 1276 1985 qnid

116 2004 203 2068 enim
236 2004 363 2069 iubetur
396 2024 432 2069 ea
460 2024 538 2086 quae
567 2022 624 2069 sua
652 2006 728 2069 sunt
756 2004 998 2089 infatigabiliter
1031 2008 1245 2091 indigentibus

80 2128 107 2168 rs
116 2106 309 2186 ministrare,
340 2106 514 2189 quamlibet
543 2128 579 2173 ea
602 2127 725 2173 summa
749 2108 812 2173 fide
835 2127 870 2173 ac
892 2110 1055 2175 deuotione
1079 2111 1244 2194 dispenset,

116 2211 223 2273 tamen
255 2210 383 2275 difficile
421 2212 470 2275 est
502 2214 539 2275 ut
571 2230 631 2277 non
668 2214 795 2294 laqueos
830 2218 1027 2295 peccatorum
1065 2213 1244 2295 frequenter

114 2314 265 2377 incurrat.
301 2314 336 2376 in
365 2314 429 2377 illis
456 2332 531 2379 uero
554 2318 606 2396 qui
630 2314 795 2380 consilinm
823 2315 941 2381 domini
964 2333 1024 2380 non
1047 2319 1242 2399 spreuerunt‚

116 2418 171 2481 sed
194 2434 317 2480 omnem
340 2416 549 2483 substantiam
572 2438 662 2484 suam
684 2418 870 2502 pauperibus
885 2424 1103 2504 praerogantes
1119 2426 1243 2502 sumpta

114 2536 208 2583 cruce
245 2538 301 2585 ena
337 2520 519 2604 largitorem
551 2523 672 2606 gratiae
705 2523 948 2606 subsequuntur,
983 2528 1145 2607 peccatum
1182 2541 1242 2588 non

77 2625 219 2707 sopotest
240 2624 404 2691 dominari.
437 2644 499 2691 non
523 2628 605 2690 enim
628 2646 699 2692 enm
726 2631 863 2692 sacratas
885 2628 948 2691 iam
971 2627 1093 2692 Christo
1116 2645 1188 2710 opes
1211 2635 1243 2692 et

114 2727 206 2810 qnasi
229 2727 346 2793 alienas
368 2728 422 2810 pia
444 2728 665 2794 distributione
691 2730 839 2813 pecunias
862 2730 1091 2812 dispensantem
1108 2730 1242 2795 infidelis

114 2832 259 2896 seruandi
292 2833 395 2898 nictus
429 2849 502 2897 cura
539 2831 696 2897 mordebit
729 2851 786 2898 nec
823 2833 1017 2916 elemosynae
1049 2833 1241 2899 hilaritatem

114 2933 222 3017 abiget
243 2938 364 3000 maesta
386 2933 554 3014 cunctatio,
586 2937 659 3017 qnia
681 2936 762 3017 quod
791 2935 890 3000 semel
912 2937 1013 3000 totum
1036 2937 1152 3002 obtulit
1174 2937 1242 3020 dec,

113 3035 148 3100 id
181 3037 246 3100 iam
286 3037 423 3102 alienum
453 3037 520 3101 sine
552 3039 695 3121 propriae
729 3039 927 3103 necessitatis
949 3038 1160 3104 recordatione
1187 3044 1242 3104 aut

76 3139 239 3222 caugusti
271 3140 373 3204 uictus
406 3139 518 3205 timore
550 3138 713 3224 dispergit,
747 3141 801 3224 qui
829 3161 861 3206 se
891 3145 993 3207 certus
1024 3145 1072 3208 est
1099 3161 1170 3208 cum
1203 3141 1242 3206 ad

113 3243 320 3308 desideratam
348 3245 526 3326 peruenerit
555 3245 731 3310 nuditatem
763 3246 863 3310 multo
893 3245 993 3330 magis
1024 3247 1124 3310 adeo
1147 3262 1240 3327 quam

112 3348 274 3411 uolucrem
297 3347 374 3411 caeli
398 3365 466 3410 esse
479 3348 678 3429 pascendum.
713 3349 900 3413 econtrario
920 3351 945 3413 is
961 3349 1015 3431 qni
1030 3340 1271 3412 substantiam5

112 3450 253 3514 retinens
274 3450 466 3514 mundialem
490 3453 545 3514 aut
567 3450 705 3516 decimas
728 3451 888 3517 fructuum
910 3469 1037 3517 suorum
1060 3453 1154 3532 atque
1175 3454 1240 3533 pri·

111 3554 221 3617 mittas
257 3556 312 3617 aut
348 3554 471 3637 partem
507 3553 709 3635 pecuniarum
753 3555 940 3620 constrictus
977 3553 1056 3638 legis
1094 3553 1239 3637 antiquae

163 3876 181 3930 2
202 3891 263 3931 oum
284 3876 308 3931 0
410 3875 538 3930 oomnis
561 3875 603 3930 ΚῚ
706 3877 725 3931 9
746 3880 847 3931 norunt
870 3877 899 3931 Z
999 3879 1032 3933 11
1050 3877 1182 3932 rethibere
1200 3878 1238 3932 Β1

109 3961 169 4018 FO
195 3961 314 4016 redibere
331 3961 357 4016 Z
454 3961 575 4016 luerim
593 3977 643 4016 ocra
661 3961 689 4016 Β
785 3978 876 4018 eorum
890 3964 917 4017 Β
1016 3965 1048 4018 13
1066 3968 1114 4018 ant
1131 3965 1238 4033 quanti-

109 4051 171 4103 tate
186 4047 255 4104 BF:
290 4052 339 4103 aut
364 4049 394 4102 iu
420 4049 513 4118 quant.
545 4047 611 4118 Odo
679 4043 682 4048 ’
718 4049 815 4104 cottid.
844 4049 913 4104 K’Z
1015 4051 1048 4104 17
1075 4050 1118 4105 dei
1148 4051 1171 4107 O

112 4135 146 4189 18
168 4138 345 4204 prorogantes
366 4133 462 4189 ΒΚΖ
566 4135 600 4190 19
622 4137 745 4190 cacleatis
770 4135 874 4204 gratiae
895 4136 963 4206 Odc
1065 4137 1239 4191 subsecuntur

109 4220 237 4277 Rom
335 4221 370 4274 21
391 4220 591 4289 diapmaantem
609 4227 675 4290 poet
696 4222 769 4275 enirn
792 4237 852 4276 cnm
870 4223 973 4277 tabent
994 4222 1032 4292 dc
1134 4223 1239 4278 infideli

107 4308 138 4363 Β
224 4307 259 4360 22
271 4307 495 4375 elac->limonium
506 4307 577 4362 ΒΨ
591 4309 749 4364 elemosinae
761 4308 827 4365 13²0
844 4309 1007 4379 elymosinas
1019 4309 1053 4364 K
1134 4311 1169 4364 23
1181 4311 1237 4366 abi·

107 4395 149 4452 cit
168 4393 201 4448 K
225 4393 329 4448 addicit
345 4393 374 4446 Ζ
388 4407 457 4451 corr.
560 4394 595 4449 26
612 4395 763 4463 perueniret
780 4394 811 4449 Β
910 4395 944 4450 27
962 4395 1004 4451 hia
1021 4396 1170 4453 ΒΤὈΚι

161 4497 241 4553 ΧΠΙ.
276 4513 371 4558 σαι
1102 4502 1136 4557 39
