3009 5200
466 483 625 538 (tentatio
647 483 751 550 XXIII,
777 483 851 538 t-a.
1156 486 1219 551 641

101 673 295 739 intellectum
325 689 445 755 qnoque
474 671 540 737 eius
571 674 742 738 seeundum
771 673 957 757 dignitatem
987 673 1218 755 pronuntiantis

99 795 134 843 ac
156 777 305 841 meritum
328 779 565 858 perscrutemur.
599 779 674 842 tunc
689 777 773 842 enim
789 778 958 843 sententiae
974 776 1030 841 deo
1045 775 1218 859 inspirante

98 878 236 962 prolatas
266 879 437 944 secundum
471 879 664 960 propositum
693 898 731 945 ac
760 881 956 946 uoluntatem
988 881 1053 944 sius
1087 895 1217 962 conpre-

96 983 230 1047 hendere
258 982 439 1062 poterimus,
469 999 540 1045 cum
569 1001 676 1048 eorum
703 1001 720 1048 n
750 984 862 1065 quibus
892 981 1109 1066 promulgatae
1142 983 1217 1048 sunt

77 1090 215 1152 astatum
238 1103 274 1150 ao
297 1087 445 1150 meritum
468 1089 690 1168 perpendentes
713 1103 774 1150 uon
797 1084 901 1167 uerbo,
929 1085 982 1150 sed
999 1083 1216 1166 experimentis

95 1207 204 1273 parem
234 1187 428 1254 induerimus
457 1186 623 1264 adfectum,
652 1207 708 1272 pro
738 1189 825 1253 emus
852 1187 1002 1271 qualitate
1028 1188 1097 1252 sine
1120 1187 1216 1254 dubio

97 1295 148 1359 nel
180 1292 397 1375 concipiuntur
424 1294 563 1358 uniuersi
591 1311 700 1358 sensus
729 1291 782 1358 uel
809 1289 981 1358 sententiae
1007 1291 1215 1372 proferuntur.

96 1397 299 1479 quemobrem
329 1397 402 1478 quid
425 1398 467 1462 sil
489 1397 704 1480 principaliter
731 1397 844 1462 bonnm
870 1394 951 1478 quod
972 1395 1131 1476 apostolus
1152 1395 1246 1460 non2

93 1499 233 1581 potuerit
259 1499 409 1581 perficere,
433 1518 504 1564 cum
532 1500 638 1581 uellet,
667 1499 851 1586 diligentins
878 1498 1072 1582 indagemus.
1112 1497 1214 1562 multa

62 1603 179 1670 reenim
200 1603 345 1668 nouimus
367 1601 457 1681 bone,
481 1621 557 1686 qnae
581 1607 706 1669 beatum
733 1602 906 1684 apostolum
928 1618 1095 1683 omnesque
1126 1601 1212 1667 illius

93 1706 202 1770 meriti
224 1706 308 1772 uiros
331 1709 362 1772 et
378 1706 523 1772 babuisse
548 1726 602 1789 per
618 1713 760 1773 naturam
777 1709 808 1770 et
823 1702 995 1786 adquisisse
1008 1722 1063 1785 per
1076 1705 1211 1785 gratiam

91 1825 206 1900 negare
238 1827 299 1874 non
331 1827 503 1894 possumus.
549 1814 597 1875 est
630 1811 711 1876 enim
751 1809 830 1874 bona
865 1809 1004 1889 castitas,
1042 1809 1211 1875 laudabilis

93 1911 293 1990 dominantia,
317 1913 461 1978 miranda
475 1913 650 1997 prudentia,
679 1915 765 1997 large
779 1912 969 1990 humanitas,
986 1910 1211 1997 circumspecta

90 2013 253 2092 sobrietas,
268 2019 409 2080 modesta
424 2017 639 2098 temperantia,
657 2017 709 2098 pia
721 2014 936 2090 misericordia,
952 2016 1060 2081 sancte
1070 2015 1208 2083 iustitia:

58 2137 171 2200 requae
191 2120 295 2184 omnia
315 2119 349 2183 in
371 2120 510 2201 apostolo
527 2119 624 2186 Paulo
641 2119 835 2200 eiusdemque
850 2117 1043 2183 consortibus
1058 2119 1104 2184 ita
1118 2121 1209 2202 plena

90 2225 186 2304 atque
208 2220 345 2304 perfecta
367 2221 465 2289 fuisse
487 2241 547 2288 non
570 2223 700 2290 dubium
722 2227 779 2298 est,
802 2223 836 2284 ut
858 2221 1014 2285 uirtutum
1030 2224 1207 2304 magisterio

87 2325 316 2406 potiusquam
346 2326 508 2392 uerborum
538 2327 649 2392 abeis
678 2325 784 2407 religio
812 2324 983 2388 doceretur.
1022 2326 1097 2407 quid
1124 2327 1237 2408 quoda

87 2429 154 2511 iugi
178 2428 376 2494 ecclesiarum
398 2430 538 2494 omnium
554 2448 628 2496 cura
642 2448 679 2495 ao
693 2426 839 2510 peruigili
861 2426 1070 2493 sollicitudine
1085 2447 1206 2512 semper

87 2531 191 2596 exusti
213 2533 312 2596 sunt?
334 2537 485 2615 quantum
510 2533 567 2598 boc
596 2531 820 2598 misericordiae
844 2530 969 2609 bonnm,
996 2544 1112 2614 quanta
1134 2551 1205 2615 per-

52 2635 182 2701 seiectio
199 2639 255 2715 est,
273 2654 327 2718 pro
343 2638 625 2705 scandalizantibus
641 2638 699 2712 nri,
714 2652 785 2699 cum
795 2632 1026 2700 infirmantibus
1037 2635 1204 2703 infirmari!

86 2756 161 2803 cnm
188 2758 260 2823 ergo
290 2741 388 2805 tentis
419 2741 577 2823 apostolus
603 2737 807 2805 abundauerit
836 2738 934 2817 bonis,
962 2738 1037 2823 quid
1059 2740 1140 2804 illud
1162 2741 1205 2805 sit

85 2840 174 2925 boni,
198 2844 286 2907 cuius
308 2844 497 2925 perfectione
519 2845 659 2919 caruerit,
683 2858 743 2907 non
768 2842 936 2923 poterimus
953 2860 1126 2927 agnoscere,
1142 2844 1204 2908 nisi

84 2944 119 3009 in
148 2946 322 3029 illumque
345 2948 411 3030 ipsc
433 2948 554 3015 locutus
578 2952 624 3013 est
645 2945 863 3027 profecerimus
892 2946 1058 3012 adfectum.
1096 2954 1234 3019 omnes4

84 3050 193 3130 itaque
226 3068 303 3131 quas
332 3052 465 3117 diximus
498 3070 567 3117 eum
602 3048 743 3113 habuisse
776 3050 909 3115 uirtutes
941 3052 1082 3131 quamuis
1115 3052 1204 3117 uelut

48 3170 229 3234 regemmae
257 3153 526 3236 splendidissimae
548 3158 640 3235 etque
665 3152 818 3233 pretiosae
840 3154 924 3230 sint‚'
937 3156 1042 3221 umen
1065 3157 1090 3219 si
1112 3174 1202 3239 prae·

82 3256 170 3319 claro
203 3254 252 3319 illi
286 3261 378 3340 atque
409 3261 570 3340 praecipuo
600 3256 780 3339 margarito,
808 3258 890 3339 quod
919 3258 974 3323 ille
1004 3259 1201 3343 euangelicos

81 3357 261 3441 negotiator
282 3360 440 3442 inquirens
462 3359 613 3424 uniuersis
636 3377 715 3441 quae
732 3360 870 3443 possidet
885 3362 1020 3427 uenditis
1036 3381 1201 3445 conparare

81 3460 250 3545 desiderat,
284 3461 486 3539 conferantur,
519 3462 564 3526 ita
597 3479 705 3527 earum
737 3465 887 3528 meritum
919 3465 1075 3529 renitescit
1105 3470 1199 3548 atque

185 3646 221 3701 20
236 3648 270 3701 cf.
288 3646 318 3701 11
335 3645 392 3699 (lor.
413 3646 452 3710 11,
470 3644 505 3699 29
606 3644 640 3700 26
658 3646 691 3701 ci.
710 3646 821 3717 tlt-13,
837 3648 873 3703 46

133 3814 149 3868 1
167 3813 304 3866 intellectu
321 3810 355 3865 K
453 3816 658 3883 pronuntiantes
678 3816 786 3873 OKZ¹c
886 3821 905 3873 4
922 3822 1087 3889 potuerimus
1107 3824 1130 3881 O

75 3902 94 3954 5
121 3898 294 3967 exprimentis
321 3896 352 3951 F
450 3900 467 3953 6
493 3900 626 3955 adlectum
653 3902 694 3956 K:
724 3904 769 3957 eff.
795 3904 854 3959 relt
957 3908 972 3961 1
999 3914 1198 3980 oonpnninutnr

69 3984 115 4040 ·B¹
219 3982 377 4051 9prolieere
393 3983 424 4038 F
523 3987 555 4040 14
578 3986 709 4042 sobrietas
731 3990 773 4043 K¹
877 3992 908 4047 15
930 3995 959 4047 in
983 4011 1034 4051 om.
1057 3998 1116 4053 BF
1130 4007 1198 4061 laon

74 4070 108 4133 0)
215 4070 322 4137 eiusque
343 4068 382 4139 βυ
485 4072 517 4124 17
540 4074 630 4141 potins
652 4089 732 4143 quam
750 4077 892 4132 uerborum
911 4081 1067 4150 magisterio
1088 4085 1129 4154 βυ

70 4152 177 4221 relegio
194 4152 275 4208 B¹K¹
379 4155 623 4225 inprotectam
727 4164 898 4231 elegera·
1000 4168 1197 4226 habundeuerit

69 4236 134 4293 BF
232 4240 345 4307 quoto
446 4244 495 4314 sit]
513 4249 555 4299 est
572 4246 608 4315 βο
708 4250 743 4303 23
765 4252 815 4321 eet]
841 4252 897 4307 eibt
921 4253 944 4309 0
1045 4258 1137 4327 prolis.
1155 4260 1196 4315 Βι

69 4324 144 4379 11¹2
242 4324 385 4383 mimum
398 4329 442 4384 K:
471 4330 515 4386 eff.
537 4332 597 4387 rell.
699 4336 733 4390 26
755 4339 886 4407 praecipio
907 4340 950 4395 K*
1050 4345 1085 4400 28
1107 4347 1148 4402 ite
1165 4348 1194 4403 in

71 4410 96 4466 0
200 4414 393 4471 eorumKZ¹c

123 4514 204 4571 xm.
238 4532 299 4577 om.
312 4538 333 4578 r.
1058 4539 1091 4592 41
