3009 5200
307 411 368 478 138
697 409 861 466 lobannis
884 408 1040 464 aneiani

307 599 417 666 robore
446 598 499 665 uel
526 599 662 666 feritatis
692 597 780 664 rabie
807 598 1023 684 conspexerint
1043 597 1185 676 diriores,
1208 599 1359 664 aduersus
1383 615 1442 664 ees

307 703 428 787 primae
471 703 696 788 congressionis
735 703 894 768 certamen
929 701 1098 784 adripiunt,
1136 699 1248 785 quibus
1284 701 1442 767 extinctis

307 805 452 890 reliquas,
487 825 565 890 quae
597 806 702 872 miuus
731 804 890 872 terribiles
922 806 1086 887 minusque
1115 804 1316 870 uehementes
1349 808 1441 881 eunt,

307 908 392 974 exitu
422 908 562 976 faciliore
590 910 799 992 prosternunt.
827 908 875 974 ia
899 911 932 974 et
953 907 1041 974 uitiis
1062 924 1186 990 semper
1206 906 1443 974 robustioribus

308 1013 462 1096 arpentis
496 1013 589 1094 atque
620 1011 845 1078 infirmioribus
878 1010 1115 1078 succedentibus
1148 1010 1308 1092 parebitur
1344 1012 1479 1078 nobiae

307 1114 423 1198 absque
445 1113 510 1180 ullo
533 1115 714 1182 discrimine
735 1115 875 1198 perfecte
888 1115 1032 1181 uictoria.
1058 1118 1235 1180 nectamen
1249 1115 1442 1197 putandum,

307 1218 389 1300 quod
411 1218 629 1304 principaliter
651 1218 721 1302 quis
744 1223 853 1285 contra
874 1237 973 1284 unum
995 1218 1147 1286 dimicans
1168 1218 1286 1284 uitium
1300 1219 1334 1284 et
1348 1219 1442 1285 uelut

307 1321 466 1388 incautius
487 1322 620 1388 aliorum
641 1323 706 1389 tela
727 1322 918 1410 prospiciens
940 1323 1099 1406 inopinato
1114 1324 1179 1390 ictu
1193 1321 1317 1388 facilius
1331 1321 1443 1386 ualeat

276 1423 451 1490 isaucieri.
489 1423 571 1508 quod
598 1443 795 1510 nequaqnam
823 1425 888 1492 liei.
925 1423 1107 1509 inpossibile
1134 1443 1269 1508 namque
1294 1428 1344 1490 est
1367 1443 1443 1490 eum

308 1526 362 1610 qui
384 1543 439 1611 pro
462 1526 563 1593 cordis
585 1528 633 1594 sui
656 1528 876 1596 emundatione
897 1527 1053 1595 sollicitus
1079 1546 1155 1612 erge
1175 1529 1443 1613 inpugnationem
1452 1549 1477 1588 ro

307 1629 381 1696 uitii
411 1629 578 1697 cuiuslibet
605 1631 813 1698 intentionem
840 1651 915 1700 suae
936 1634 1052 1698 mentis
1082 1631 1263 1710 ermenerii,
1289 1634 1441 1696 aduersus

309 1733 412 1798 cetere
432 1751 553 1817 quoque
575 1735 655 1800 uitia
668 1734 848 1820 generalem
870 1735 1023 1819 quendem
1038 1736 1198 1802 horrorem
1213 1739 1245 1800 et
1261 1734 1443 1800 custodiam

310 1836 446 1901 similem
467 1854 528 1902 uon
550 1836 671 1904 hebere.
709 1856 770 1922 quo
792 1839 874 1904 euim
896 1837 989 1904 modo
1020 1838 1073 1904 uel
1086 1841 1133 1905 de
1153 1838 1211 1904 illa
1232 1856 1294 1921 qua
1313 1836 1439 1904 absolui

310 1939 468 2004 desiderat
478 1938 618 2022 peeeione
630 1942 803 2009 merebitur
813 1942 955 2008 obtinere
970 1942 1145 2021 uictoriam,
1156 1942 1211 2025 qui
1225 1959 1260 2006 ae
1269 1940 1441 2025 indignum

309 2041 504 2126 purgationis
525 2045 663 2125 praemio
685 2044 820 2110 aliorum
845 2044 925 2110 iacit
945 2046 1090 2129 coningio
1105 2045 1279 2111 uitiorum?
1293 2047 1350 2110 sed
1365 2061 1474 2110 cuma

311 2146 490 2231 principalis
513 2148 612 2212 nostri
634 2150 734 2214 cordis
758 2148 892 2215 intentio
914 2149 1003 2214 uelut
1024 2148 1194 2233 specialem
1215 2146 1277 2213 sibi
1298 2165 1440 2231 pugnam

309 2249 458 2317 aduersus
486 2269 580 2318 unam
602 2252 757 2336 exceperit
782 2253 967 2335 passionem,
987 2270 1044 2335 pro
1065 2253 1135 2336 ipsa
1156 2252 1257 2317 orabit
1277 2251 1439 2316 mentius

309 2353 462 2437 peculiari
484 2353 694 2443 sollieitudine
716 2354 770 2420 uel
790 2355 895 2421 etudio
910 2355 1101 2440 supplicans,
1116 2356 1153 2420 ut
1166 2374 1237 2421 eam
1253 2353 1440 2437 diligentius

310 2458 475 2522 obseruare
504 2460 537 2523 et
563 2477 618 2542 per
646 2458 722 2524 baec
750 2459 881 2524 celerem
911 2463 1069 2524 mereatur
1096 2458 1238 2524 obtinere
1260 2456 1439 2522 uictoriam.

280 2561 396 2629 bbuuc
429 2579 564 2647 namque
595 2580 651 2629 nos
679 2562 821 2630 ordinem
849 2562 1037 2647 proeliorum
1071 2580 1210 2630 exercere
1238 2559 1354 2629 debere
1384 2577 1472 2627 necno

312 2669 416 2730 tamen
445 2665 484 2730 de
512 2668 618 2731 nostm
649 2666 771 2732 uirtute
799 2666 953 2733 confidere
975 2668 1071 2733 etiam
1092 2666 1254 2751 legislator
1275 2667 1325 2731 bis
1349 2665 1437 2730 docet

311 2769 432 2835 uerbis:
456 2786 527 2834 nou
549 2770 714 2835 timebis
736 2788 816 2850 eos,
846 2770 936 2853 quia
963 2769 1145 2835 dominus
1166 2772 1260 2836 deus
1281 2773 1376 2835 tune
1398 2768 1437 2832 iu

311 2870 438 2939 medio
474 2873 533 2938 tui
570 2875 646 2953 est,
685 2874 778 2939 deus
814 2893 979 2959 maguus
1015 2878 1056 2939 et
1092 2872 1316 2939 terribilis:
1354 2872 1439 2953 ipae

312 2980 514 3041 consumet
543 2975 724 3043 nationes
751 2978 821 3043 baa
848 2977 888 3043 in
914 2981 1133 3062 conspectu
1155 2980 1221 3043 tuo
1242 2975 1445 3058 paulatim

311 3082 429 3162 atque
455 3096 522 3161 per
549 3082 691 3161 partes.
730 3098 805 3146 non
832 3085 985 3164 poteris
1018 3082 1148 3148 delere
1176 3098 1242 3145 eas
1270 3077 1469 3163 perirent

312 3200 358 3247 uo
384 3182 489 3247 forte
517 3181 840 3264 multiplicentur
868 3187 1010 3251 contra
1036 3188 1076 3251 te
1103 3182 1261 3249 bestiae
1294 3186 1436 3247 terrae.

415 3366 449 3420 en
469 3368 549 3423 neue
568 3366 593 3435 r,
611 3367 714 3421 21-23

364 3538 523 3593 lueritetie
540 3538 582 3594 D¹
673 3538 783 3593 ditioris
805 3537 831 3592 V
922 3540 1023 3609 bquee
1045 3540 1069 3593 V
1160 3541 1313 3608 bsnpereti
1338 3538 1369 3593 V¹

311 3624 397 3694 adque
419 3624 470 3679 VP
554 3624 634 3679 nubis
656 3623 691 3678 V¹
777 3624 923 3694 bperilcte
937 3625 974 3680 V¹
1064 3625 1254 3693 Sinopinatu·
1269 3624 1300 3678 D
1384 3624 1436 3677 icto

316 3710 343 3765 V
428 3709 460 3764 10
476 3708 660 3765 emendatione
681 3711 708 3766 V
804 3710 1005 3766 lacesendum
1026 3711 1053 3767 V
1144 3710 1178 3767 13
1195 3710 1314 3765 simelem
1336 3710 1371 3765 V¹

314 3796 347 3850 14
364 3794 509 3849 nicturiem
527 3794 554 3850 V
634 3796 681 3865 qui
698 3812 726 3850 sc
737 3833 831 3849 ......
849 3798 881 3851 19
898 3796 1040 3851 uictoriam
1058 3812 1108 3850 ora
1121 3794 1171 3862 θ’,
1188 3794 1306 3850 odd.D²
1321 3797 1355 3851 isc
1366 3809 1436 3849 crar-

310 3882 381 3951 pe'sec,
398 3896 452 3949 pao
462 3886 562 3936 rcsccto
573 3881 658 3935 uerbo
669 3883 714 3936 uel
726 3881 817 3936 studio
829 3884 993 3953 supplicans.
1003 3920 1011 3934 .
1020 3921 1044 3937 ..
1055 3883 1197 3936 uictoriam
1209 3882 1266 3936 iace
1276 3898 1335 3936 eros
1345 3882 1435 3951 tepere·

313 3973 361 4021 iser
466 3965 497 4019 16
515 3965 599 4020 cordis
617 3967 703 4045 nostri
720 3968 795 4023 D²x
896 3967 976 4021 uelud
992 3967 1064 4023 D¹P
1164 3967 1215 4021 sibi
1234 3984 1284 4021 ore
1302 3965 1375 4021 D’X

315 4054 346 4107 17
369 4051 500 4121 exceperit
522 4050 669 4108 D'OFX:
700 4054 831 4122 exciperet
858 4052 884 4107 V
909 4054 1042 4123 exciperet
1064 4053 1103 4108 P¹
1208 4055 1241 4108 18
1263 4052 1394 4123 peculiare
1414 4047 1437 4103 V

313 4140 354 4194 12¹
458 4137 501 4191 nel
524 4136 558 4192 Vr
589 4151 620 4191 ac
638 4138 728 4193 OPX
754 4138 804 4193 bac
827 4138 865 4194 ΡΙ
968 4140 1038 4210 eam]
1065 4155 1124 4193 cum
1151 4138 1178 4192 V
1277 4136 1437 4207 dilegentiea

316 4224 352 4282 V'
457 4224 489 4277 19
513 4224 656 4278 uicturiem
677 4224 713 4279 V¹
817 4225 851 4279 20
873 4224 954 4294 prael.
977 4226 1015 4281 W
1116 4226 1149 4280 21
1175 4225 1316 4295 legieletur
1337 4223 1370 4279 V¹

313 4312 454 4401 noerio
537 4346 761 4401 mammen
844 4347 1070 4417 asempecer
1150 4348 1282 4418 nunqu
1298 4348 1373 4403 ror
