3009 5200
295 418 361 485 402
689 412 852 467 Iohannis
870 410 1028 467 Cassiani

340 603 525 672 VLSotent
553 603 639 669 enim
668 602 702 669 isi
731 601 786 687 qai
815 601 949 669 necdum
978 602 1114 668 suntin
1143 599 1421 684 illequsmsrri·

297 712 430 796 puerunt
451 706 642 791 professione
661 704 796 789 fundati,
819 722 892 771 oum
906 704 1063 771 audierint
1077 706 1229 787 qnosdom
1242 702 1423 771 indiueusis

297 811 412 881 studiis
433 828 471 879 so
491 810 666 877 uirtutibus
687 807 871 893 praediomi,
893 808 941 875 ite
963 826 1071 875 eorum
1091 808 1184 875 leude
1205 806 1363 887 sumendi,
1384 810 1424 873 ut

297 915 418 983 imitari
446 931 554 981 eorum
581 912 724 997 protinus
752 912 894 997 perdent
922 910 1138 994 disciplinam
1171 910 1206 976 in
1226 928 1287 993 quo
1309 910 1423 977 inritos

298 1018 470 1087 ueoeeseuio
504 1017 647 1101 inpendit
683 1016 813 1083 donatus
849 1014 987 1081 humens
1023 1014 1191 1099 irsgilites.
1240 1012 1424 1097 inpossibile
1448 1034 1463 1074 s

296 1139 431 1204 nemque
452 1123 501 1187 est
522 1138 621 1187 unum
641 1119 836 1202 eunquue
858 1118 1016 1186 hominem
1044 1118 1141 1183 simul
1167 1116 1321 1183 uniuersis
1342 1133 1423 1200 quse

296 1224 439 1310 superios
460 1222 668 1305 oonpreteudi
688 1220 808 1307 fulgere
829 1220 1012 1289 uirtutibus.
1041 1238 1118 1304 qnos
1144 1219 1263 1304 siquis
1284 1219 1424 1287 uoluerit

297 1330 414 1414 penites
446 1326 602 1405 adoptare,
634 1325 669 1393 iu
701 1326 737 1392 id
768 1324 904 1393 inuidere
933 1343 1005 1391 eum
1035 1342 1160 1391 neeesse
1189 1327 1248 1407 est,
1279 1329 1316 1390 ut
1346 1323 1425 1389 dnm

297 1449 405 1501 omues
431 1429 575 1512 sequitur
601 1427 726 1495 uultum
751 1428 872 1514 integre
893 1428 1100 1511 consequatur
1121 1427 1284 1512 magisque
1304 1445 1341 1493 ex
1362 1427 1425 1493 huo

298 1531 565 1603 inmutationem
586 1532 741 1599 uarietate
770 1532 969 1617 dispendium
995 1533 1098 1615 oepist
1119 1550 1213 1615 quam
1234 1530 1423 1615 proredium.
1435 1556 1463 1595 ro

298 1635 409 1705 multis
430 1633 514 1701 enim
535 1632 597 1699 uiis
617 1637 657 1702 sd
678 1637 773 1701 deum
795 1636 945 1713 tenditur.
968 1639 1001 1700 et
1021 1632 1089 1701 ideo
1104 1635 1316 1718 unusquisque
1331 1633 1425 1701 illum

299 1759 394 1825 quam
423 1736 522 1805 semel
550 1737 684 1821 erripuit
712 1739 916 1806 iurouooebili
943 1756 1052 1805 eureus
1074 1738 1125 1805 sui
1153 1738 1325 1805 intentione
1347 1755 1424 1803 oon·

300 1842 392 1921 doiut,
413 1841 451 1907 ut
470 1840 514 1907 sit
535 1839 569 1903 in
591 1841 734 1924 quotibet
754 1842 944 1926 professione
965 1843 1130 1925 perionius.

342 1961 417 2028 VII.
437 1962 565 2043 Absque
591 1961 648 2027 ilio
677 1979 815 2044 namque
841 1964 1008 2045 dispendio,
1040 1981 1100 2047 quo
1125 1962 1212 2028 feriri
1234 1959 1427 2027 monsohum

300 2064 435 2132 diximus
457 2064 512 2147 qni
533 2063 712 2131 mobilitate
730 2066 848 2131 mentis
862 2070 901 2133 sd
916 2066 1021 2131 studia
1035 2067 1123 2150 eupii
1137 2064 1272 2131 transire
1289 2064 1426 2141 diuersa,
1436 2088 1465 2129 es

299 2168 396 2235 etiam
424 2167 498 2235 hine
522 2166 699 2250 perieulum
726 2168 839 2233 mortis
867 2168 1045 2247 insumitur,
1076 2168 1158 2252 quod
1189 2183 1427 2249 nonnumquam

298 2276 383 2338 reete
414 2269 569 2353 quosdam
600 2268 640 2335 ab
674 2270 746 2335 eliis
778 2274 870 2354 gesta
901 2271 985 2339 mdo
1012 2270 1052 2336 ab
1084 2270 1154 2336 aliis
1183 2273 1428 2354 praesumuntur

300 2375 439 2458 exemplo
468 2377 501 2439 et
530 2391 609 2457 quae
635 2372 795 2439 nonnullis
817 2374 895 2439 bene
917 2376 1075 2441 cesserunt
1095 2374 1270 2457 pernioiose
1290 2376 1329 2439 sb
1350 2371 1428 2439 aliis

299 2477 488 2545 sentiuntur.
525 2495 600 2544 num
621 2478 659 2543 ut
679 2475 829 2561 quiddam
844 2478 979 2559 exempli
994 2476 1098 2561 gratie
1111 2476 1311 2560 proferamus,
1335 2476 1428 2542 uelut

298 2580 425 2664 siquis
458 2580 547 2648 iilam
576 2580 640 2648 uiri
671 2580 760 2648 illius
793 2580 913 2649 imitsri
934 2580 1086 2649 uirtutem
1106 2581 1193 2662 uelit,
1226 2598 1320 2665 quam
1344 2578 1466 2646 soletso

299 2683 382 2752 atus
401 2685 555 2753 Iohannes
576 2698 639 2751 non
662 2686 703 2751 sd
723 2685 914 2752 imitationis
936 2686 1113 2771 formulam,
1136 2687 1191 2752 ssd
1205 2686 1429 2752 isntunmodo

298 2806 354 2871 pro
374 2787 583 2856 adnuntiens
603 2786 757 2873 proferre:
784 2807 859 2856 nam
880 2789 1009 2872 quidam
1032 2791 1161 2856 tremens
1175 2789 1217 2856 ad
1230 2788 1428 2873 praediotum

300 2909 405 2957 senem
425 2891 538 2960 habitu
560 2891 720 2972 modulari,
743 2909 815 2958 eum
839 2893 867 2958 ei
889 2892 1039 2975 quasdem
1061 2893 1188 2978 frugum
1209 2911 1337 2960 merum
1359 2892 1429 2977 pri·

299 2993 408 3060 mitiss
439 2993 623 3076 detulisset,
655 2993 848 3061 ferocissimo
880 2996 1035 3077 quendam
1067 2999 1230 3064 dsemom'o
1263 2999 1428 3080 arreptum

268 3097 417 3165 iibidem
444 3097 592 3182 repperit
631 3095 686 3180 qui
714 3115 787 3164 eum
815 3096 939 3165 ebhstis
959 3099 1110 3166 Iohannis
1137 3099 1366 3166 obtestationes
1388 3119 1463 3166 sors

299 3201 463 3285 prueoepts
483 3200 656 3286 despioieue
677 3203 850 3268 testaretur
868 3219 1038 3285 numquam
1053 3221 1087 3268 se
1101 3202 1142 3268 ad
1156 3203 1243 3270 illius
1257 3203 1426 3286 imperium

300 3301 339 3370 de
366 3320 493 3388 semote
525 3302 608 3386 quod
635 3302 800 3370 obsederet
827 3303 1047 3388 migraturum,
1078 3304 1173 3372 huius
1194 3306 1333 3373 aduentu
1353 3322 1427 3387 per-

299 3406 430 3472 territus
459 3423 532 3472 oum
560 3405 816 3472 reuerentissimo
844 3407 979 3474 nominis
1004 3409 1090 3474 illius
1118 3407 1336 3475 inclamatione
1358 3407 1425 3473 dis-

296 3508 401 3575 oessit
438 3507 527 3575 euius
555 3511 624 3574 tun
653 3508 829 3576 euidentem
856 3509 989 3594 gretiam
1018 3527 1111 3576 senex
1138 3529 1201 3577 non
1223 3508 1424 3578 medioeriter

351 3830 487 3886 lusio
587 3832 754 3888 iuoss.0¹
857 3834 1035 3902 dquumO
1137 3832 1355 3888 3susoendi0

297 3917 315 3970 5
338 3915 459 3986 inpeudii
481 3918 507 3970 i*
532 3917 661 3985 inpendet
684 3919 711 3972 0
813 3918 987 3989 iiulgeuere
1011 3921 1039 3972 Σ
1141 3919 1296 3976 Siuoodore
1313 3919 1355 3970 Πι

300 4003 335 4057 10
357 4002 531 4072 despondium
556 4003 586 4054 Π
687 4006 719 4060 11
745 4005 811 4061 dnm
834 4007 862 4058 Σ
970 4005 1135 4061 141111011
1235 4020 1350 4074 nemque
1373 4019 1426 4062 oss.

298 4086 348 4142 He
452 4087 486 4142 19
512 4088 598 4158 uelut]
625 4091 656 4142 ut
680 4089 707 4141 0
809 4091 843 4146 21
870 4090 950 4146 ebbae
975 4091 1055 4146 iii‘s
1075 4093 1144 4158 (sors
1161 4090 1196 4160 Ο)
1298 4091 1425 4144 iehmnis

300 4172 339 4224 11ι
441 4173 476 4228 22
496 4173 685 4247 sinuatione]
709 4177 794 4232 animi
816 4179 922 4233 ratione
944 4178 973 4230 Σ
997 4178 1110 4246 (sitium
1126 4185 1217 4234 msa
1232 4193 1267 4234 eu
1282 4178 1426 4246 emptore

298 4258 497 4326 ammirettone)
599 4276 663 4315 nam
680 4276 753 4317 eros.
770 4264 804 4318 irs
821 4265 846 4316 i‘
945 4263 979 4317 26
1001 4263 1146 4334 dispieiens
1163 4263 1204 4316 11¹
1305 4262 1338 4316 21
1360 4269 1426 4332 post

299 4343 787 4413 mprsturumssnuimdsiessn
888 4348 1059 4405 29senes0
