3009 5200
295 423 338 487 42
685 421 849 476 Iohannis
870 420 1026 478 Cassiani

293 610 431 676 oculus
462 613 570 675 tuus:
605 611 741 692 quodsi
773 611 909 676 oculus
942 613 1035 675 tuus
1067 611 1238 693 simplex
1269 609 1415 692 ruerit,

294 715 422 778 totum
450 731 592 797 corpus
622 717 730 780 tunm
753 713 927 779 lucidum
952 715 1046 778 erit:
1066 712 1103 778 si
1124 716 1254 779 autem
1275 714 1417 779 oculus

294 817 386 881 tuus
414 835 578 898 nequam
606 815 749 891 luerit,
777 817 907 880 totum
934 833 1075 898 corpus
1101 816 1211 880 tuum
1231 816 1417 881 tenebro-

294 936 375 982 sum
392 919 484 997 erit,
500 938 535 984 eo
549 919 630 1002 quod
646 921 713 1001 ipsa
728 919 932 1000 cogitationes
945 917 1079 983 hominis
1092 918 1254 982 uniuersas
1264 919 1416 1000 actusque

294 1021 472 1086 discernens
494 1026 605 1086 cuncta
619 1039 697 1104 quae
713 1020 845 1104 gerenda
860 1024 935 1086 sunt
949 1020 1110 1103 peruideat
1123 1023 1217 1102 atque
1230 1022 1413 1103 perlustret:
1444 1048 1459 1083 e

264 1124 372 1206 dquae
401 1123 429 1188 si
456 1123 489 1188 in
512 1123 635 1188 homine
663 1141 796 1205 nequam
817 1123 921 1205 fuerit,
945 1124 977 1188 id
1001 1125 1127 1189 estnon
1150 1142 1224 1188 uero
1246 1122 1358 1189 iudicio
1380 1132 1416 1188 et

294 1226 425 1291 scientia
462 1227 654 1291 communita
688 1245 742 1290 seu
780 1225 919 1308 quolibet
952 1243 1055 1290 errore
1091 1243 1128 1290 ac
1159 1225 1414 1308 praesumptione

294 1329 432 1410 decepta,
463 1330 565 1394 totum
599 1345 708 1410 corpus
743 1332 884 1395 nostrm
917 1326 1012 1393 iaciat
1044 1327 1251 1406 tenebrosum,
1280 1326 1338 1392 hoc
1364 1332 1414 1393 est

294 1449 417 1496 omnem
432 1434 531 1496 aciem
545 1431 660 1496 mentis
676 1435 825 1513 actusque
840 1433 961 1497 nostros
973 1431 1082 1496 reddat
1092 1430 1249 1508 obscuros,
1261 1431 1415 1496 caecitate

293 1533 412 1599 scilicet
433 1533 581 1599 uitiorum
602 1538 634 1601 et
655 1534 924 1616 perturbationum
941 1533 1076 1599 tenebris
1091 1532 1256 1600 inuolutos.
1279 1533 1313 1598 si
1328 1532 1415 1600 enim
1428 1563 1460 1602 ιο

294 1634 398 1718 inquit
419 1636 552 1702 lumen
573 1637 671 1718 quod
694 1636 732 1701 in
755 1641 792 1700 te
815 1640 876 1701 est
896 1635 1084 1702 tenebrae
1104 1641 1208 1717 suut,
1226 1638 1415 1704 tenebrae

294 1739 405 1822 ipsae
433 1741 601 1822 quantes
628 1742 761 1804 erunt!
788 1739 869 1803 nulli
898 1757 1030 1820 mmque
1056 1739 1188 1804 dubium
1214 1745 1263 1804 eet
1291 1741 1415 1806 errante

295 1841 410 1907 iudicio
434 1841 533 1907 cordis
555 1843 656 1907 nostri
678 1846 709 1906 et
733 1843 934 1924 ignorationis
952 1845 1042 1907 nocte
1056 1860 1196 1925 possesso
1210 1843 1414 1926 cogitationes

295 1961 415 2026 quoque
447 1948 479 2010 et
512 1963 603 2029 opera
635 1949 748 2024 nostra,
783 1964 862 2026 quae
893 1963 930 2009 ex
962 1945 1160 2012 discretionis
1193 1946 1415 2012 deliberatione

295 2046 492 2126 descendunt
514 2047 682 2113 maioribus
703 2049 899 2130 peecatorum
921 2049 1058 2114 tenebris
1080 2049 1232 2131 inplicari.
1426 2074 1456 2114 ιο

338 2168 397 2232 III.
431 2169 571 2250 Denique
602 2167 667 2243 ille,
701 2167 755 2250 qui
782 2169 902 2251 primus
930 2169 1044 2233 iudicio
1073 2168 1122 2232 dei
1151 2187 1279 2253 regnum
1308 2167 1416 2251 populi

297 2271 441 2336 israhelis
470 2271 610 2346 emeruit,
639 2273 712 2354 quia
740 2271 822 2335 huuc
849 2271 1045 2336 discretionis
1073 2270 1199 2336 oculum
1219 2287 1416 2352 nequaqnam

297 2372 415 2452 habuit,
444 2373 532 2438 uelut
553 2375 618 2438 toto
640 2391 767 2455 corpore
792 2373 972 2438 tenebrosus
998 2375 1095 2438 etiam
1115 2373 1183 2455 ipso
1206 2373 1342 2438 deiectus
1363 2375 1416 2437 est

296 2494 399 2558 reguo,
433 2474 507 2539 dnm
540 2475 684 2541 lucernae
717 2476 809 2540 huius
842 2476 978 2541 tenebris
1011 2481 1104 2557 atque
1138 2491 1238 2539 errore
1266 2477 1415 2556 deceptus

296 2577 537 2660 acceptabiliora
569 2580 625 2644 deo
659 2577 812 2644 sacrificia
837 2597 893 2645 sua
922 2597 1016 2662 qnam
1048 2581 1205 2662 praecepti
1239 2576 1453 2644 Samuhelieeo

295 2681 521 2747 oboedientiam
557 2682 707 2748 iudicauit
743 2686 836 2764 atque
873 2702 910 2747 ex
945 2684 1002 2747 illa
1034 2682 1134 2766 magis
1166 2685 1254 2764 parte
1288 2698 1417 2747 causam

296 2784 473 2849 offensionis
508 2784 649 2860 incurrit,
686 2802 722 2849 ex
766 2803 826 2865 qua
869 2786 1129 2870 repropitiandam
1173 2785 1235 2848 sibi
1274 2784 1415 2849 diuinam

268 2888 475 2968 2sperauerat
503 2886 709 2951 maiestatem.
745 2886 846 2965 huius,
874 2889 1013 2971 inquam,
1045 2888 1239 2953 discretionis
1260 2887 1416 2971 ignoratio

297 2987 403 3053 Achab
441 3007 546 3072 regem
589 2988 709 3053 Israhel
744 2992 816 3074 poet
851 2992 943 3056 illum
986 2989 1231 3056 sublimissimae
1265 2990 1416 3055 uictoriae

296 3090 499 3173 triumphum,
523 3090 577 3173 qui
599 3092 628 3156 ei
644 3090 746 3157 luerat
761 3094 811 3158 dei
826 3094 931 3159 fauore
945 3111 1118 3171 concessus,
1134 3092 1276 3173 conpulit
1292 3092 1452 3159 credereas

296 3192 456 3258 meliorem
479 3212 544 3259 esse
565 3192 807 3259 misericordiam
835 3213 1040 3278 enumquam
1062 3196 1160 3262 diuini
1183 3195 1415 3261 seuerissimam

296 3296 524 3361 exsecutionem
540 3297 695 3378 praecepti
711 3302 743 3362 et
758 3299 1016 3380 quemadmodum
1033 3300 1094 3382 ipsi
1108 3299 1270 3365 uidebatur
1282 3296 1415 3362 crudelis

400 3482 469 3537 101.
488 3499 510 3536 o·
528 3483 562 3537 23
664 3484 697 3538 21
714 3484 748 3539 of.
767 3485 782 3539 I
800 3483 866 3555 Bag.
885 3486 918 3540 15
1018 3485 1054 3541 24
1070 3485 1104 3539 ci.
1122 3484 1167 3539 111
1184 3485 1250 3554 Reg.
1268 3486 1303 3539 20

349 3652 440 3705 ltuus
452 3656 517 3705 acle
529 3650 625 3719 quodsi
635 3666 685 3705 cm.
701 3652 741 3709 W
824 3652 1107 3721 fueritsimplexDet
1124 3654 1201 3725 Volp.
1289 3656 1416 3743 bneque·

297 3785 377 3839 quam
395 3768 425 3823 D
509 3770 616 3839 4ipees
633 3770 663 3825 D
748 3772 870 3826 homiues
886 3772 934 3828 W¹
1020 3773 1209 3843 uniuersosque
1221 3777 1296 3829 octus
1311 3775 1348 3831 W

296 3861 488 3932 bgenersuda
510 3862 539 3915 D
641 3863 726 3933 ad<pue
750 3865 789 3919 W
886 3866 1007 3919 illustret
1028 3866 1058 3920 D
1159 3868 1287 3923 diderat
1306 3867 1347 3921 D¹

297 3964 501 4019 iacientientia
522 3964 561 4021 W
646 3968 678 4020 10
695 3956 920 4035 perturbationem
940 3969 976 4022 W
1059 3954 1191 4055 treuebris
1207 3971 1237 4025 D
1322 3972 1353 4023 11
1372 3971 1415 4025 in·

296 4066 361 4135 qnid
379 4066 452 4121 DW
535 4068 568 4121 13
579 4068 752 4137 cogitationis
768 4070 817 4125 W¹
903 4070 935 4123 17
953 4071 1004 4124 ierl
1020 4072 1050 4125 Χ
1134 4089 1247 4141 nequam
1264 4074 1345 4128 D¹W

295 4159 331 4213 20
349 4162 480 4230 praecepit
497 4162 532 4228 (it
549 4163 580 4215 irs
591 4178 646 4217 rus.
664 4180 699 4217 m.
711 4166 741 4230 2)
761 4164 790 4217 D
888 4166 1013 4219 samuelis
1031 4166 1063 4221 X
1163 4167 1194 4221 21
1213 4168 1299 4237 adque
1315 4169 1346 4224 D

296 4246 509 4302 moderniores
533 4248 572 4301 D¹
675 4266 756 4317 quam
776 4251 824 4305 W¹
926 4251 961 4305 23
984 4256 1157 4322 magestatem
1180 4254 1211 4307 D
1312 4254 1347 4308 24
1364 4254 1413 4309 isrl

297 4330 398 4386 DWX
498 4334 691 4389 sublimissimi
708 4334 738 4389 D
