<?xml version="1.0" encoding="UTF-8"?>
<!DOCTYPE html PUBLIC "-//W3C//DTD XHTML 1.0 Transitional//EN"
    "http://www.w3.org/TR/xhtml1/DTD/xhtml1-transitional.dtd">
<html xmlns="http://www.w3.org/1999/xhtml" xml:lang="en" lang="en">
 <head>
  <title>
</title>
<meta http-equiv="Content-Type" content="text/html;charset=utf-8" />
  <meta name='ocr-system' content='tesseract 3.04.00' />
  <meta name='ocr-capabilities' content='ocr_page ocr_carea ocr_par ocr_line ocrx_word'/>
</head>
<body>
  <div class='ocr_page' id='page_1' title='image "./corpusscriptoru14wiengoog_0171.png"; bbox 0 0 3009 5200; ppageno 0'>
   <div class='ocr_carea' id='block_1_1' title="bbox 466 425 1200 495">
    <p class='ocr_par' dir='ltr' id='par_1_1' title="bbox 466 425 1200 495">
     <span class='ocr_line' id='line_1_1' title="bbox 466 425 1200 495; baseline 0.015 -11"><span class='ocrx_word' id='word_1_1' title='bbox 466 425 628 484; x_wconf 79' lang='lat' dir='ltr'><strong>conlatio</strong></span> <span class='ocrx_word' id='word_1_2' title='bbox 649 425 680 492; x_wconf 89' lang='lat' dir='ltr'><strong>V,</strong></span> <span class='ocrx_word' id='word_1_3' title='bbox 699 426 809 482; x_wconf 86' lang='lat'>10-11.</span> <span class='ocrx_word' id='word_1_4' title='bbox 1140 428 1200 495; x_wconf 83' lang='grc'><strong>131</strong></span> 
     </span>
    </p>
   </div>
   <div class='ocr_carea' id='block_1_2' title="bbox 10 574 1202 908">
    <p class='ocr_par' dir='ltr' id='par_1_2' title="bbox 10 574 1202 908">
     <span class='ocr_line' id='line_1_2' title="bbox 10 574 1200 699; baseline 0.003 -20"><span class='ocrx_word' id='word_1_5' title='bbox 10 574 11 662; x_wconf 55' lang='lat' dir='ltr'><strong>d</strong></span> <span class='ocrx_word' id='word_1_6' title='bbox 70 615 201 680; x_wconf 76' lang='lat' dir='ltr'><strong>udones</strong></span> <span class='ocrx_word' id='word_1_7' title='bbox 225 616 261 680; x_wconf 89' lang='lat' dir='ltr'><strong>et</strong></span> <span class='ocrx_word' id='word_1_8' title='bbox 284 615 337 681; x_wconf 90' lang='lat' dir='ltr'><strong>uel</strong></span> <span class='ocrx_word' id='word_1_9' title='bbox 359 615 494 682; x_wconf 84' lang='lat' dir='ltr'><strong>maxime</strong></span> <span class='ocrx_word' id='word_1_10' title='bbox 516 617 586 699; x_wconf 90' lang='lat' dir='ltr'><strong>post</strong></span> <span class='ocrx_word' id='word_1_11' title='bbox 609 616 782 699; x_wconf 88' lang='lat' dir='ltr'><strong>triumphos</strong></span> <span class='ocrx_word' id='word_1_12' title='bbox 804 616 1019 698; x_wconf 68' lang='lat' dir='ltr'>periclitamur</span> <span class='ocrx_word' id='word_1_13' title='bbox 1034 616 1200 682; x_wconf 76' lang='lat' dir='ltr'><strong>incurrere.</strong></span> 
     </span>
     <span class='ocr_line' id='line_1_3' title="bbox 71 716 1202 804; baseline 0.003 -21"><span class='ocrx_word' id='word_1_14' title='bbox 71 717 173 784; x_wconf 87' lang='lat' dir='ltr'><strong>omnia</strong></span> <span class='ocrx_word' id='word_1_15' title='bbox 201 716 308 804; x_wconf 76' lang='lat' dir='ltr'><strong>igitur</strong></span> <span class='ocrx_word' id='word_1_16' title='bbox 338 717 427 795; x_wconf 89' lang='lat' dir='ltr'><strong>uitia,</strong></span> <span class='ocrx_word' id='word_1_17' title='bbox 456 719 714 802; x_wconf 85' lang='lat' dir='ltr'><strong>quemadmodum</strong></span> <span class='ocrx_word' id='word_1_18' title='bbox 736 721 928 786; x_wconf 77' lang='lat' dir='ltr'><strong>incremento</strong></span> <span class='ocrx_word' id='word_1_19' title='bbox 948 719 1202 804; x_wconf 88' lang='lat' dir='ltr'><strong>praeosdentium</strong></span> 
     </span>
     <span class='ocr_line' id='line_1_4' title="bbox 69 820 1201 908; baseline 0.004 -24"><span class='ocrx_word' id='word_1_20' title='bbox 69 823 275 904; x_wconf 73' lang='lat' dir='ltr'><strong>generantur,</strong></span> <span class='ocrx_word' id='word_1_21' title='bbox 299 821 348 888; x_wconf 92' lang='lat' dir='ltr'><strong>ita</strong></span> <span class='ocrx_word' id='word_1_22' title='bbox 368 820 496 889; x_wconf 87' lang='lat' dir='ltr'><strong>illorum</strong></span> <span class='ocrx_word' id='word_1_23' title='bbox 510 822 724 888; x_wconf 74' lang='lat' dir='ltr'><strong>deminutione</strong></span> <span class='ocrx_word' id='word_1_24' title='bbox 739 824 922 908; x_wconf 81' lang='lat' dir='ltr'><strong>purgantur.</strong></span> <span class='ocrx_word' id='word_1_25' title='bbox 959 827 992 888; x_wconf 91' lang='lat' dir='ltr'><strong>et</strong></span> <span class='ocrx_word' id='word_1_26' title='bbox 1004 823 1065 890; x_wconf 86' lang='lat' dir='ltr'><strong>hae</strong></span> <span class='ocrx_word' id='word_1_27' title='bbox 1078 824 1201 890; x_wconf 87' lang='lat' dir='ltr'><strong>ratione</strong></span> 
     </span>
    </p>
   </div>
   <div class='ocr_carea' id='block_1_3' title="bbox 43 925 1236 3380">
    <p class='ocr_par' dir='ltr' id='par_1_3' title="bbox 43 925 1234 1836">
     <span class='ocr_line' id='line_1_5' title="bbox 69 925 1204 1009; baseline 0.003 -21"><span class='ocrx_word' id='word_1_28' title='bbox 69 925 284 1008; x_wconf 88' lang='lat' dir='ltr'><strong>utsnperbia</strong></span> <span class='ocrx_word' id='word_1_29' title='bbox 314 926 414 1008; x_wconf 82' lang='lat' dir='ltr'><strong>possit</strong></span> <span class='ocrx_word' id='word_1_30' title='bbox 445 925 576 1008; x_wconf 75' lang='lat' dir='ltr'><strong>explodi,</strong></span> <span class='ocrx_word' id='word_1_31' title='bbox 603 927 769 992; x_wconf 84' lang='lat' dir='ltr'><strong>senodoria</strong></span> <span class='ocrx_word' id='word_1_32' title='bbox 790 927 838 990; x_wconf 88' lang='lat' dir='ltr'><strong>est</strong></span> <span class='ocrx_word' id='word_1_33' title='bbox 857 925 1073 1009; x_wconf 59' lang='lat' dir='ltr'><strong>praebenda,</strong></span> <span class='ocrx_word' id='word_1_34' title='bbox 1095 930 1128 991; x_wconf 90' lang='lat' dir='ltr'><strong>et</strong></span> <span class='ocrx_word' id='word_1_35' title='bbox 1155 926 1204 992; x_wconf 85' lang='lat' dir='ltr'><strong>ita</strong></span> 
     </span>
     <span class='ocr_line' id='line_1_6' title="bbox 50 1027 1203 1114; baseline 0.005 -26"><span class='ocrx_word' id='word_1_36' title='bbox 50 1045 185 1110; x_wconf 72' lang='lat' dir='ltr'><strong>smper</strong></span> <span class='ocrx_word' id='word_1_37' title='bbox 208 1027 371 1112; x_wconf 82' lang='lat' dir='ltr'><strong>prioribus</strong></span> <span class='ocrx_word' id='word_1_38' title='bbox 393 1029 548 1112; x_wconf 88' lang='lat' dir='ltr'><strong>superatis</strong></span> <span class='ocrx_word' id='word_1_39' title='bbox 565 1029 726 1114; x_wconf 87' lang='lat' dir='ltr'><strong>sequentia</strong></span> <span class='ocrx_word' id='word_1_40' title='bbox 741 1029 957 1112; x_wconf 86' lang='lat' dir='ltr'><strong>eonquieeoent</strong></span> <span class='ocrx_word' id='word_1_41' title='bbox 972 1033 1004 1096; x_wconf 92' lang='lat' dir='ltr'><strong>et</strong></span> <span class='ocrx_word' id='word_1_42' title='bbox 1019 1029 1203 1096; x_wconf 74' lang='lat' dir='ltr'><strong>exdnodone</strong></span> 
     </span>
     <span class='ocr_line' id='line_1_7' title="bbox 66 1131 1234 1216; baseline 0.001 -21"><span class='ocrx_word' id='word_1_43' title='bbox 66 1131 324 1210; x_wconf 76' lang='lat' dir='ltr'><strong>praesedentinm</strong></span> <span class='ocrx_word' id='word_1_44' title='bbox 345 1132 487 1198; x_wconf 87' lang='lat' dir='ltr'><strong>residuae</strong></span> <span class='ocrx_word' id='word_1_45' title='bbox 507 1133 666 1216; x_wconf 73' lang='lat' dir='ltr'><strong>passiones</strong></span> <span class='ocrx_word' id='word_1_46' title='bbox 688 1134 806 1216; x_wconf 84' lang='lat' dir='ltr'><strong>absque</strong></span> <span class='ocrx_word' id='word_1_47' title='bbox 820 1133 924 1198; x_wconf 89' lang='lat' dir='ltr'><strong>labore</strong></span> <span class='ocrx_word' id='word_1_48' title='bbox 940 1135 1141 1200; x_wconf 82' lang='lat' dir='ltr'><strong>mmeeeoent.</strong></span> <span class='ocrx_word' id='word_1_49' title='bbox 1171 1132 1234 1197; x_wconf 85' lang='lat' dir='ltr'><strong>etb</strong></span> 
     </span>
     <span class='ocr_line' id='line_1_8' title="bbox 67 1233 1202 1318; baseline 0.003 -22"><span class='ocrx_word' id='word_1_50' title='bbox 67 1233 137 1298; x_wconf 86' lang='lat' dir='ltr'><strong>lieet</strong></span> <span class='ocrx_word' id='word_1_51' title='bbox 154 1234 241 1300; x_wconf 86' lang='lat' dir='ltr'><strong>haao</strong></span> <span class='ocrx_word' id='word_1_52' title='bbox 255 1252 335 1316; x_wconf 87' lang='lat' dir='ltr'><strong>qnae</strong></span> <span class='ocrx_word' id='word_1_53' title='bbox 349 1234 557 1318; x_wconf 71' lang='lat' dir='ltr'><strong>praediximus</strong></span> <span class='ocrx_word' id='word_1_54' title='bbox 576 1239 646 1302; x_wconf 87' lang='lat' dir='ltr'><strong>ooto</strong></span> <span class='ocrx_word' id='word_1_55' title='bbox 662 1236 741 1302; x_wconf 88' lang='lat' dir='ltr'><strong>uitia</strong></span> <span class='ocrx_word' id='word_1_56' title='bbox 754 1235 812 1301; x_wconf 89' lang='lat' dir='ltr'><strong>illa</strong></span> <span class='ocrx_word' id='word_1_57' title='bbox 826 1252 887 1318; x_wconf 85' lang='lat' dir='ltr'><strong>qna</strong></span> <span class='ocrx_word' id='word_1_58' title='bbox 900 1236 1202 1302; x_wconf 80' lang='lat' dir='ltr'><strong>conmemoranimus</strong></span> 
     </span>
     <span class='ocr_line' id='line_1_9' title="bbox 66 1337 1203 1424; baseline 0.003 -23"><span class='ocrx_word' id='word_1_59' title='bbox 66 1337 185 1402; x_wconf 64' lang='lat' dir='ltr'><strong>me</strong></span> <span class='ocrx_word' id='word_1_60' title='bbox 222 1337 359 1402; x_wconf 88' lang='lat' dir='ltr'><strong>inuioem</strong></span> <span class='ocrx_word' id='word_1_61' title='bbox 392 1337 452 1402; x_wconf 90' lang='lat' dir='ltr'><strong>sibi</strong></span> <span class='ocrx_word' id='word_1_62' title='bbox 481 1352 594 1404; x_wconf 84' lang='lat' dir='ltr'><strong>oonexa</strong></span> <span class='ocrx_word' id='word_1_63' title='bbox 623 1342 716 1421; x_wconf 88' lang='lat' dir='ltr'><strong>atquo</strong></span> <span class='ocrx_word' id='word_1_64' title='bbox 747 1341 900 1424; x_wconf 82' lang='lat' dir='ltr'><strong>permixta</strong></span> <span class='ocrx_word' id='word_1_65' title='bbox 931 1339 1006 1413; x_wconf 88' lang='lat' dir='ltr'><strong>sint,</strong></span> <span class='ocrx_word' id='word_1_66' title='bbox 1038 1339 1203 1422; x_wconf 80' lang='lat' dir='ltr'><strong>specialius</strong></span> 
     </span>
     <span class='ocr_line' id='line_1_10' title="bbox 66 1438 1204 1525; baseline 0.002 -21"><span class='ocrx_word' id='word_1_67' title='bbox 66 1442 169 1506; x_wconf 77' lang='lat' dir='ltr'><strong>tamen</strong></span> <span class='ocrx_word' id='word_1_68' title='bbox 193 1438 234 1504; x_wconf 92' lang='lat' dir='ltr'><strong>in</strong></span> <span class='ocrx_word' id='word_1_69' title='bbox 256 1441 405 1522; x_wconf 87' lang='lat' dir='ltr'><strong>quattuor</strong></span> <span class='ocrx_word' id='word_1_70' title='bbox 419 1439 651 1524; x_wconf 81' lang='lat' dir='ltr'><strong>eoniugetionss</strong></span> <span class='ocrx_word' id='word_1_71' title='bbox 668 1442 700 1506; x_wconf 88' lang='lat' dir='ltr'><strong>et</strong></span> <span class='ocrx_word' id='word_1_72' title='bbox 714 1441 842 1524; x_wconf 81' lang='lat' dir='ltr'><strong>copules</strong></span> <span class='ocrx_word' id='word_1_73' title='bbox 863 1442 1057 1508; x_wconf 87' lang='lat' dir='ltr'><strong>diuiduntur.</strong></span> <span class='ocrx_word' id='word_1_74' title='bbox 1086 1443 1204 1525; x_wconf 84' lang='lat' dir='ltr'><strong>gastri-</strong></span> 
     </span>
     <span class='ocr_line' id='line_1_11' title="bbox 43 1543 1204 1628; baseline 0.003 -20"><span class='ocrx_word' id='word_1_75' title='bbox 43 1544 206 1626; x_wconf 76' lang='lat' dir='ltr'><strong>nnargiae</strong></span> <span class='ocrx_word' id='word_1_76' title='bbox 254 1562 389 1628; x_wconf 86' lang='lat' dir='ltr'><strong>namque</strong></span> <span class='ocrx_word' id='word_1_77' title='bbox 431 1545 594 1612; x_wconf 78' lang='lat' dir='ltr'><strong>fornicatio</strong></span> <span class='ocrx_word' id='word_1_78' title='bbox 633 1543 785 1628; x_wconf 87' lang='lat' dir='ltr'><strong>peeuliari</strong></span> <span class='ocrx_word' id='word_1_79' title='bbox 821 1545 973 1611; x_wconf 77' lang='lat' dir='ltr'><strong>consortio</strong></span> <span class='ocrx_word' id='word_1_80' title='bbox 1009 1544 1204 1612; x_wconf 79' lang='lat' dir='ltr'><strong>foederatur:</strong></span> 
     </span>
     <span class='ocr_line' id='line_1_12' title="bbox 66 1647 1204 1732; baseline 0.002 -20"><span class='ocrx_word' id='word_1_81' title='bbox 66 1647 248 1732; x_wconf 77' lang='lat' dir='ltr'><strong>ilargyries</strong></span> <span class='ocrx_word' id='word_1_82' title='bbox 265 1649 322 1728; x_wconf 84' lang='lat' dir='ltr'><strong>ira,</strong></span> <span class='ocrx_word' id='word_1_83' title='bbox 339 1647 489 1716; x_wconf 87' lang='lat' dir='ltr'><strong>tristitiae</strong></span> <span class='ocrx_word' id='word_1_84' title='bbox 504 1649 619 1728; x_wconf 69' lang='lat' dir='ltr'><strong>acedia</strong></span> <span class='ocrx_word' id='word_1_85' title='bbox 643 1649 826 1715; x_wconf 87' lang='lat' dir='ltr'><strong>eeuodoxiae</strong></span> <span class='ocrx_word' id='word_1_86' title='bbox 840 1647 986 1731; x_wconf 85' lang='lat' dir='ltr'><strong>superbia</strong></span> <span class='ocrx_word' id='word_1_87' title='bbox 1006 1647 1204 1716; x_wconf 71' lang='lat' dir='ltr'><strong>familiariter</strong></span> 
     </span>
     <span class='ocr_line' id='line_1_13' title="bbox 67 1753 265 1836; baseline -0.015 -20"><span class='ocrx_word' id='word_1_88' title='bbox 67 1753 265 1836; x_wconf 81' lang='lat' dir='ltr'><strong>eoniugatur.</strong></span> 
     </span>
    </p>

    <p class='ocr_par' dir='ltr' id='par_1_4' title="bbox 44 1852 1236 3380">
     <span class='ocr_line' id='line_1_14' title="bbox 103 1852 1203 1937; baseline -0.002 -17"><span class='ocrx_word' id='word_1_89' title='bbox 103 1855 163 1920; x_wconf 84' lang='lat' dir='ltr'><strong>XL</strong></span> <span class='ocrx_word' id='word_1_90' title='bbox 188 1853 237 1918; x_wconf 80' lang='lat' dir='ltr'><strong>nt</strong></span> <span class='ocrx_word' id='word_1_91' title='bbox 258 1852 298 1918; x_wconf 90' lang='lat' dir='ltr'><strong>nt</strong></span> <span class='ocrx_word' id='word_1_92' title='bbox 319 1853 507 1937; x_wconf 79' lang='lat' dir='ltr'><strong>singillatim</strong></span> <span class='ocrx_word' id='word_1_93' title='bbox 529 1871 612 1920; x_wconf 89' lang='lat' dir='ltr'><strong>nuno</strong></span> <span class='ocrx_word' id='word_1_94' title='bbox 635 1855 673 1919; x_wconf 90' lang='lat' dir='ltr'><strong>de</strong></span> <span class='ocrx_word' id='word_1_95' title='bbox 696 1856 936 1936; x_wconf 79' lang='lat' dir='ltr'><strong>uniuscuiusque</strong></span> <span class='ocrx_word' id='word_1_96' title='bbox 949 1854 1022 1920; x_wconf 88' lang='lat' dir='ltr'><strong>uitii</strong></span> <span class='ocrx_word' id='word_1_97' title='bbox 1035 1854 1203 1936; x_wconf 83' lang='lat' dir='ltr'><strong>generibus</strong></span> 
     </span>
     <span class='ocr_line' id='line_1_15' title="bbox 69 1956 1204 2042; baseline -0.001 -18"><span class='ocrx_word' id='word_1_98' title='bbox 69 1957 281 2040; x_wconf 74' lang='lat' dir='ltr'><strong>disputemus,</strong></span> <span class='ocrx_word' id='word_1_99' title='bbox 305 1957 544 2042; x_wconf 76' lang='lat' dir='ltr'><strong>gaetnmargiae</strong></span> <span class='ocrx_word' id='word_1_100' title='bbox 566 1975 682 2042; x_wconf 87' lang='lat' dir='ltr'><strong>genera</strong></span> <span class='ocrx_word' id='word_1_101' title='bbox 704 1959 780 2022; x_wconf 87' lang='lat' dir='ltr'><strong>sunt</strong></span> <span class='ocrx_word' id='word_1_102' title='bbox 801 1956 879 2023; x_wconf 88' lang='lat' dir='ltr'><strong>tria:</strong></span> <span class='ocrx_word' id='word_1_103' title='bbox 902 1957 1039 2039; x_wconf 87' lang='lat' dir='ltr'><strong>primum</strong></span> <span class='ocrx_word' id='word_1_104' title='bbox 1061 1959 1143 2040; x_wconf 86' lang='lat' dir='ltr'><strong>qnod</strong></span> <span class='ocrx_word' id='word_1_105' title='bbox 1164 1958 1204 2024; x_wconf 89' lang='lat' dir='ltr'><strong>ad</strong></span> 
     </span>
     <span class='ocr_line' id='line_1_16' title="bbox 44 2060 1204 2144; baseline 0.002 -21"><span class='ocrx_word' id='word_1_106' title='bbox 44 2060 281 2127; x_wconf 72' lang='lat' dir='ltr'><strong>ereteefionem</strong></span> <span class='ocrx_word' id='word_1_107' title='bbox 313 2064 483 2144; x_wconf 80' lang='lat' dir='ltr'><strong>perurguet</strong></span> <span class='ocrx_word' id='word_1_108' title='bbox 515 2060 701 2128; x_wconf 85' lang='lat' dir='ltr'><strong>menaehem</strong></span> <span class='ocrx_word' id='word_1_109' title='bbox 733 2063 807 2127; x_wconf 89' lang='lat' dir='ltr'><strong>ante</strong></span> <span class='ocrx_word' id='word_1_110' title='bbox 840 2060 949 2126; x_wconf 88' lang='lat' dir='ltr'><strong>horam</strong></span> <span class='ocrx_word' id='word_1_111' title='bbox 980 2063 1134 2127; x_wconf 68' lang='lat' dir='ltr'><strong>ablutam</strong></span> <span class='ocrx_word' id='word_1_112' title='bbox 1166 2078 1204 2126; x_wconf 89' lang='lat' dir='ltr'><strong>ao</strong></span> 
     </span>
     <span class='ocr_line' id='line_1_17' title="bbox 69 2163 1205 2248; baseline -0.002 -18"><span class='ocrx_word' id='word_1_113' title='bbox 69 2164 254 2248; x_wconf 83' lang='lat' dir='ltr'><strong>legitimam</strong></span> <span class='ocrx_word' id='word_1_114' title='bbox 289 2163 448 2247; x_wconf 73' lang='lat' dir='ltr'><strong>testium,</strong></span> <span class='ocrx_word' id='word_1_115' title='bbox 483 2165 652 2229; x_wconf 88' lang='lat' dir='ltr'><strong>seeundum</strong></span> <span class='ocrx_word' id='word_1_116' title='bbox 691 2166 772 2246; x_wconf 88' lang='lat' dir='ltr'><strong>quod</strong></span> <span class='ocrx_word' id='word_1_117' title='bbox 809 2164 982 2247; x_wconf 86' lang='lat' dir='ltr'><strong>expletione</strong></span> <span class='ocrx_word' id='word_1_118' title='bbox 1018 2164 1139 2228; x_wconf 87' lang='lat' dir='ltr'><strong>uentris</strong></span> <span class='ocrx_word' id='word_1_119' title='bbox 1172 2167 1205 2228; x_wconf 90' lang='lat' dir='ltr'><strong>et</strong></span> 
     </span>
     <span class='ocr_line' id='line_1_18' title="bbox 70 2266 1204 2348; baseline 0 -16"><span class='ocrx_word' id='word_1_120' title='bbox 70 2267 286 2348; x_wconf 84' lang='lat' dir='ltr'><strong>quarumlibet</strong></span> <span class='ocrx_word' id='word_1_121' title='bbox 308 2285 447 2332; x_wconf 89' lang='lat' dir='ltr'><strong>ssearnm</strong></span> <span class='ocrx_word' id='word_1_122' title='bbox 470 2267 640 2333; x_wconf 87' lang='lat' dir='ltr'><strong>uoraeitate</strong></span> <span class='ocrx_word' id='word_1_123' title='bbox 666 2267 813 2341; x_wconf 88' lang='lat' dir='ltr'><strong>laetatur,</strong></span> <span class='ocrx_word' id='word_1_124' title='bbox 844 2267 975 2332; x_wconf 88' lang='lat' dir='ltr'><strong>tertium</strong></span> <span class='ocrx_word' id='word_1_125' title='bbox 1003 2266 1086 2348; x_wconf 90' lang='lat' dir='ltr'><strong>quod</strong></span> <span class='ocrx_word' id='word_1_126' title='bbox 1113 2283 1204 2332; x_wconf 83' lang='lat' dir='ltr'><strong>eoen-</strong></span> 
     </span>
     <span class='ocr_line' id='line_1_19' title="bbox 70 2367 1205 2451; baseline -0.002 -15"><span class='ocrx_word' id='word_1_127' title='bbox 70 2372 203 2436; x_wconf 86' lang='lat' dir='ltr'><strong>ratiores</strong></span> <span class='ocrx_word' id='word_1_128' title='bbox 228 2389 268 2436; x_wconf 91' lang='lat' dir='ltr'><strong>ae</strong></span> <span class='ocrx_word' id='word_1_129' title='bbox 290 2369 529 2436; x_wconf 80' lang='lat' dir='ltr'><strong>delicatissimos</strong></span> <span class='ocrx_word' id='word_1_130' title='bbox 552 2369 707 2434; x_wconf 89' lang='lat' dir='ltr'><strong>desiderat</strong></span> <span class='ocrx_word' id='word_1_131' title='bbox 738 2367 834 2434; x_wconf 85' lang='lat' dir='ltr'><strong>eibos.</strong></span> <span class='ocrx_word' id='word_1_132' title='bbox 873 2385 953 2451; x_wconf 82' lang='lat' dir='ltr'><strong>quae</strong></span> <span class='ocrx_word' id='word_1_133' title='bbox 975 2367 1038 2435; x_wconf 89' lang='lat' dir='ltr'><strong>tria</strong></span> <span class='ocrx_word' id='word_1_134' title='bbox 1059 2387 1119 2434; x_wconf 90' lang='lat' dir='ltr'><strong>non</strong></span> <span class='ocrx_word' id='word_1_135' title='bbox 1141 2369 1205 2435; x_wconf 90' lang='lat' dir='ltr'><strong>leni</strong></span> 
     </span>
     <span class='ocr_line' id='line_1_20' title="bbox 71 2470 1204 2556; baseline -0.002 -18"><span class='ocrx_word' id='word_1_136' title='bbox 71 2473 235 2556; x_wconf 85' lang='lat' dir='ltr'><strong>dispendio</strong></span> <span class='ocrx_word' id='word_1_137' title='bbox 258 2473 446 2538; x_wconf 87' lang='lat' dir='ltr'><strong>monaebum</strong></span> <span class='ocrx_word' id='word_1_138' title='bbox 468 2472 595 2552; x_wconf 82' lang='lat' dir='ltr'><strong>feriunt,</strong></span> <span class='ocrx_word' id='word_1_139' title='bbox 618 2473 681 2537; x_wconf 92' lang='lat' dir='ltr'><strong>nisi</strong></span> <span class='ocrx_word' id='word_1_140' title='bbox 702 2475 741 2540; x_wconf 88' lang='lat' dir='ltr'><strong>ab</strong></span> <span class='ocrx_word' id='word_1_141' title='bbox 764 2471 908 2538; x_wconf 90' lang='lat' dir='ltr'><strong>omnibus</strong></span> <span class='ocrx_word' id='word_1_142' title='bbox 929 2470 1000 2538; x_wconf 87' lang='lat' dir='ltr'><strong>istie</strong></span> <span class='ocrx_word' id='word_1_143' title='bbox 1015 2473 1084 2556; x_wconf 87' lang='lat' dir='ltr'><strong>pari</strong></span> <span class='ocrx_word' id='word_1_144' title='bbox 1099 2471 1204 2538; x_wconf 91' lang='lat' dir='ltr'><strong>studio</strong></span> 
     </span>
     <span class='ocr_line' id='line_1_21' title="bbox 44 2574 1204 2661; baseline 0.003 -24"><span class='ocrx_word' id='word_1_145' title='bbox 44 2581 159 2661; x_wconf 70' lang='lat' dir='ltr'><strong>satqm</strong></span> <span class='ocrx_word' id='word_1_146' title='bbox 198 2575 402 2643; x_wconf 87' lang='lat' dir='ltr'><strong>obseruantia</strong></span> <span class='ocrx_word' id='word_1_147' title='bbox 438 2576 539 2642; x_wconf 83' lang='lat' dir='ltr'><strong>semet</strong></span> <span class='ocrx_word' id='word_1_148' title='bbox 570 2576 674 2659; x_wconf 89' lang='lat' dir='ltr'><strong>ipsum</strong></span> <span class='ocrx_word' id='word_1_149' title='bbox 708 2576 849 2659; x_wconf 76' lang='lat' dir='ltr'><strong>expedire</strong></span> <span class='ocrx_word' id='word_1_150' title='bbox 882 2574 1087 2641; x_wconf 84' lang='lat' dir='ltr'><strong>eontenderit.</strong></span> <span class='ocrx_word' id='word_1_151' title='bbox 1131 2592 1204 2641; x_wconf 90' lang='lat' dir='ltr'><strong>nam</strong></span> 
     </span>
     <span class='ocr_line' id='line_1_22' title="bbox 71 2676 1204 2763; baseline -0.003 -17"><span class='ocrx_word' id='word_1_152' title='bbox 71 2680 340 2763; x_wconf 85' lang='lat' dir='ltr'><strong>quemadmodum</strong></span> <span class='ocrx_word' id='word_1_153' title='bbox 361 2680 516 2747; x_wconf 86' lang='lat' dir='ltr'><strong>absolutio</strong></span> <span class='ocrx_word' id='word_1_154' title='bbox 538 2681 646 2747; x_wconf 87' lang='lat' dir='ltr'><strong>ieiunii</strong></span> <span class='ocrx_word' id='word_1_155' title='bbox 668 2684 743 2746; x_wconf 89' lang='lat' dir='ltr'><strong>ante</strong></span> <span class='ocrx_word' id='word_1_156' title='bbox 764 2680 873 2745; x_wconf 89' lang='lat' dir='ltr'><strong>boram</strong></span> <span class='ocrx_word' id='word_1_157' title='bbox 894 2680 1076 2745; x_wconf 75' lang='lat' dir='ltr'><strong>eanonicam</strong></span> <span class='ocrx_word' id='word_1_158' title='bbox 1097 2676 1204 2743; x_wconf 90' lang='lat' dir='ltr'><strong>nulla·</strong></span> 
     </span>
     <span class='ocr_line' id='line_1_23' title="bbox 71 2781 1203 2868; baseline -0.004 -18"><span class='ocrx_word' id='word_1_159' title='bbox 71 2790 159 2851; x_wconf 88' lang='lat' dir='ltr'><strong>tenus</strong></span> <span class='ocrx_word' id='word_1_160' title='bbox 189 2784 422 2868; x_wconf 88' lang='lat' dir='ltr'><strong>praesumenda</strong></span> <span class='ocrx_word' id='word_1_161' title='bbox 452 2784 508 2865; x_wconf 88' lang='lat' dir='ltr'><strong>est,</strong></span> <span class='ocrx_word' id='word_1_162' title='bbox 538 2784 586 2849; x_wconf 90' lang='lat' dir='ltr'><strong>ita</strong></span> <span class='ocrx_word' id='word_1_163' title='bbox 614 2784 646 2847; x_wconf 92' lang='lat' dir='ltr'><strong>et</strong></span> <span class='ocrx_word' id='word_1_164' title='bbox 674 2782 795 2849; x_wconf 88' lang='lat' dir='ltr'><strong>uentris</strong></span> <span class='ocrx_word' id='word_1_165' title='bbox 816 2781 974 2867; x_wconf 84' lang='lat' dir='ltr'><strong>ingluuiee</strong></span> <span class='ocrx_word' id='word_1_166' title='bbox 1002 2782 1035 2847; x_wconf 89' lang='lat' dir='ltr'><strong>et</strong></span> <span class='ocrx_word' id='word_1_167' title='bbox 1063 2799 1203 2849; x_wconf 62' lang='lat' dir='ltr'><strong>aarum</strong></span> 
     </span>
     <span class='ocr_line' id='line_1_24' title="bbox 71 2884 1203 2973; baseline -0.005 -20"><span class='ocrx_word' id='word_1_168' title='bbox 71 2892 261 2973; x_wconf 87' lang='lat' dir='ltr'><strong>sumptuosa</strong></span> <span class='ocrx_word' id='word_1_169' title='bbox 287 2889 381 2970; x_wconf 84' lang='lat' dir='ltr'><strong>atque</strong></span> <span class='ocrx_word' id='word_1_170' title='bbox 409 2886 563 2969; x_wconf 83' lang='lat' dir='ltr'><strong>exquisita</strong></span> <span class='ocrx_word' id='word_1_171' title='bbox 594 2886 788 2970; x_wconf 87' lang='lat' dir='ltr'><strong>praeparatio</strong></span> <span class='ocrx_word' id='word_1_172' title='bbox 821 2884 970 2951; x_wconf 89' lang='lat' dir='ltr'><strong>similiter</strong></span> <span class='ocrx_word' id='word_1_173' title='bbox 1002 2885 1203 2969; x_wconf 87' lang='lat' dir='ltr'><strong>amputanda.</strong></span> 
     </span>
     <span class='ocr_line' id='line_1_25' title="bbox 71 2986 1204 3072; baseline -0.002 -17"><span class='ocrx_word' id='word_1_174' title='bbox 71 3011 103 3055; x_wconf 81' lang='lat' dir='ltr'><strong>ex</strong></span> <span class='ocrx_word' id='word_1_175' title='bbox 130 2991 186 3057; x_wconf 87' lang='lat' dir='ltr'><strong>bis</strong></span> <span class='ocrx_word' id='word_1_176' title='bbox 219 2989 307 3055; x_wconf 90' lang='lat' dir='ltr'><strong>enim</strong></span> <span class='ocrx_word' id='word_1_177' title='bbox 337 2988 440 3055; x_wconf 86' lang='lat' dir='ltr'><strong>tribus</strong></span> <span class='ocrx_word' id='word_1_178' title='bbox 469 2988 570 3055; x_wconf 87' lang='lat' dir='ltr'><strong>oausis</strong></span> <span class='ocrx_word' id='word_1_179' title='bbox 602 2988 743 3055; x_wconf 87' lang='lat' dir='ltr'><strong>diuersae</strong></span> <span class='ocrx_word' id='word_1_180' title='bbox 775 2990 991 3072; x_wconf 79' lang='lat' dir='ltr'><strong>nepaesinae</strong></span> <span class='ocrx_word' id='word_1_181' title='bbox 1012 2986 1204 3055; x_wconf 89' lang='lat' dir='ltr'><strong>ualitudines</strong></span> 
     </span>
     <span class='ocr_line' id='line_1_26' title="bbox 44 3090 1236 3176; baseline 0.001 -21"><span class='ocrx_word' id='word_1_182' title='bbox 44 3097 198 3159; x_wconf 77' lang='lat' dir='ltr'><strong>eaulmae</strong></span> <span class='ocrx_word' id='word_1_183' title='bbox 219 3092 430 3176; x_wconf 75' lang='lat' dir='ltr'><strong>procreantur.</strong></span> <span class='ocrx_word' id='word_1_184' title='bbox 469 3108 542 3157; x_wconf 91' lang='lat' dir='ltr'><strong>nam</strong></span> <span class='ocrx_word' id='word_1_185' title='bbox 564 3092 602 3157; x_wconf 90' lang='lat' dir='ltr'><strong>de</strong></span> <span class='ocrx_word' id='word_1_186' title='bbox 627 3094 729 3175; x_wconf 86' lang='lat' dir='ltr'><strong>prima</strong></span> <span class='ocrx_word' id='word_1_187' title='bbox 743 3091 926 3159; x_wconf 81' lang='lat' dir='ltr'><strong>monasterii</strong></span> <span class='ocrx_word' id='word_1_188' title='bbox 940 3090 1047 3157; x_wconf 89' lang='lat' dir='ltr'><strong>odium</strong></span> <span class='ocrx_word' id='word_1_189' title='bbox 1062 3092 1236 3175; x_wconf 74' lang='lat' dir='ltr'><strong>gigniturt</strong></span> 
     </span>
     <span class='ocr_line' id='line_1_27' title="bbox 72 3193 1201 3277; baseline -0.002 -16"><span class='ocrx_word' id='word_1_190' title='bbox 72 3200 165 3277; x_wconf 73' lang='lat' dir='ltr'><strong>sturm</strong></span> <span class='ocrx_word' id='word_1_191' title='bbox 190 3196 305 3259; x_wconf 84' lang='lat' dir='ltr'><strong>exinde</strong></span> <span class='ocrx_word' id='word_1_192' title='bbox 327 3194 433 3259; x_wconf 90' lang='lat' dir='ltr'><strong>horror</strong></span> <span class='ocrx_word' id='word_1_193' title='bbox 455 3197 488 3259; x_wconf 88' lang='lat' dir='ltr'><strong>et</strong></span> <span class='ocrx_word' id='word_1_194' title='bbox 509 3193 711 3259; x_wconf 86' lang='lat' dir='ltr'><strong>intolerantia</strong></span> <span class='ocrx_word' id='word_1_195' title='bbox 732 3194 873 3259; x_wconf 88' lang='lat' dir='ltr'><strong>eiusdem</strong></span> <span class='ocrx_word' id='word_1_196' title='bbox 895 3195 1064 3260; x_wconf 79' lang='lat' dir='ltr'><strong>bonoreseit</strong></span> <span class='ocrx_word' id='word_1_197' title='bbox 1078 3195 1201 3261; x_wconf 88' lang='lat' dir='ltr'><strong>habita·</strong></span> 
     </span>
     <span class='ocr_line' id='line_1_28' title="bbox 72 3294 1204 3380; baseline -0.002 -17"><span class='ocrx_word' id='word_1_198' title='bbox 72 3300 142 3377; x_wconf 80' lang='lat' dir='ltr'><strong>suli,</strong></span> <span class='ocrx_word' id='word_1_199' title='bbox 168 3316 269 3380; x_wconf 85' lang='lat' dir='ltr'><strong>quam</strong></span> <span class='ocrx_word' id='word_1_200' title='bbox 291 3297 358 3361; x_wconf 92' lang='lat' dir='ltr'><strong>sine</strong></span> <span class='ocrx_word' id='word_1_201' title='bbox 381 3296 474 3361; x_wconf 91' lang='lat' dir='ltr'><strong>dubio</strong></span> <span class='ocrx_word' id='word_1_202' title='bbox 496 3314 567 3361; x_wconf 84' lang='lat' dir='ltr'><strong>mon</strong></span> <span class='ocrx_word' id='word_1_203' title='bbox 590 3294 735 3361; x_wconf 77' lang='lat' dir='ltr'><strong>discessio</strong></span> <span class='ocrx_word' id='word_1_204' title='bbox 758 3314 794 3361; x_wconf 86' lang='lat' dir='ltr'><strong>ae</strong></span> <span class='ocrx_word' id='word_1_205' title='bbox 815 3295 892 3379; x_wconf 79' lang='lat' dir='ltr'><strong>fuga</strong></span> <span class='ocrx_word' id='word_1_206' title='bbox 912 3296 1107 3363; x_wconf 88' lang='lat' dir='ltr'><strong>neloeissima</strong></span> <span class='ocrx_word' id='word_1_207' title='bbox 1128 3297 1204 3362; x_wconf 90' lang='lat' dir='ltr'><strong>sub·</strong></span> 
     </span>
    </p>
   </div>
   <div class='ocr_carea' id='block_1_4' title="bbox 72 3498 1210 4433">
    <p class='ocr_par' dir='ltr' id='par_1_5' title="bbox 72 3498 1210 4433">
     <span class='ocr_line' id='line_1_29' title="bbox 122 3498 1203 3570; baseline -0.003 -14"><span class='ocrx_word' id='word_1_208' title='bbox 122 3506 136 3555; x_wconf 95' lang='lat' dir='ltr'><strong>l</strong></span> <span class='ocrx_word' id='word_1_209' title='bbox 158 3518 210 3570; x_wconf 84' lang='lat' dir='ltr'><strong>poa</strong></span> <span class='ocrx_word' id='word_1_210' title='bbox 234 3500 258 3556; x_wconf 89' lang='lat'><em>0</em></span> <span class='ocrx_word' id='word_1_211' title='bbox 344 3499 497 3570; x_wconf 87' lang='lat' dir='ltr'><strong>triumphus</strong></span> <span class='ocrx_word' id='word_1_212' title='bbox 520 3500 554 3554; x_wconf 76' lang='grc' dir='ltr'><strong>7Ι</strong></span> <span class='ocrx_word' id='word_1_213' title='bbox 644 3498 903 3569; x_wconf 68' lang='lat' dir='ltr'><strong>iqnemadmodnm</strong></span> <span class='ocrx_word' id='word_1_214' title='bbox 918 3500 1080 3554; x_wconf 85' lang='lat' dir='ltr'><strong>ineremento</strong></span> <span class='ocrx_word' id='word_1_215' title='bbox 1098 3514 1203 3567; x_wconf 87' lang='lat' dir='ltr'><strong>praeoe-</strong></span> 
     </span>
     <span class='ocr_line' id='line_1_30' title="bbox 72 3584 1206 3642; baseline 0.001 -2"><span class='ocrx_word' id='word_1_216' title='bbox 72 3588 198 3642; x_wconf 77' lang='lat' dir='ltr'><strong>deutinm</strong></span> <span class='ocrx_word' id='word_1_217' title='bbox 215 3604 268 3641; x_wconf 75' lang='lat' dir='ltr'><strong>orsa</strong></span> <span class='ocrx_word' id='word_1_218' title='bbox 291 3585 317 3640; x_wconf 97' lang='lat' dir='ltr'><strong><em>V</em></strong></span> <span class='ocrx_word' id='word_1_219' title='bbox 404 3586 616 3641; x_wconf 79' lang='lat' dir='ltr'><strong>lidiminutione</strong></span> <span class='ocrx_word' id='word_1_220' title='bbox 634 3584 783 3642; x_wconf 80' lang='lat' dir='ltr'><strong><em>VD²W¹x</em></strong></span> <span class='ocrx_word' id='word_1_221' title='bbox 807 3586 990 3641; x_wconf 89' lang='lat' dir='ltr'><strong>demunitione</strong></span> <span class='ocrx_word' id='word_1_222' title='bbox 1005 3584 1039 3640; x_wconf 87' lang='grc' dir='ltr'><strong>0Ι</strong></span> <span class='ocrx_word' id='word_1_223' title='bbox 1126 3585 1206 3641; x_wconf 79' lang='lat'><strong>401·</strong></span> 
     </span>
     <span class='ocr_line' id='line_1_31' title="bbox 73 3670 1137 3740; baseline -0.003 -13"><span class='ocrx_word' id='word_1_224' title='bbox 73 3674 145 3727; x_wconf 83' lang='lat' dir='ltr'><strong>eludi</strong></span> <span class='ocrx_word' id='word_1_225' title='bbox 161 3673 213 3727; x_wconf 82' lang='lat' dir='ltr'><strong>Pe</strong></span> <span class='ocrx_word' id='word_1_226' title='bbox 306 3672 501 3727; x_wconf 77' lang='lat' dir='ltr'><strong>beatenetione</strong></span> <span class='ocrx_word' id='word_1_227' title='bbox 516 3671 551 3726; x_wconf 92' lang='lat' dir='ltr'><strong>V¹</strong></span> <span class='ocrx_word' id='word_1_228' title='bbox 644 3670 803 3740; x_wconf 81' lang='lat' dir='ltr'><strong>bpassionia</strong></span> <span class='ocrx_word' id='word_1_229' title='bbox 820 3670 846 3725; x_wconf 97' lang='lat' dir='ltr'><strong><em>V</em></strong></span> <span class='ocrx_word' id='word_1_230' title='bbox 928 3672 1085 3725; x_wconf 75' lang='lat' dir='ltr'><strong>mmeiaeent</strong></span> <span class='ocrx_word' id='word_1_231' title='bbox 1096 3670 1137 3724; x_wconf 83' lang='lat' dir='ltr'><strong>D²</strong></span> 
     </span>
     <span class='ocr_line' id='line_1_32' title="bbox 74 3756 1207 3830; baseline -0.004 -17"><span class='ocrx_word' id='word_1_232' title='bbox 74 3760 164 3830; x_wconf 79' lang='lat' dir='ltr'><strong>ique]</strong></span> <span class='ocrx_word' id='word_1_233' title='bbox 180 3758 272 3827; x_wconf 75' lang='lat' dir='ltr'><strong>queo</strong></span> <span class='ocrx_word' id='word_1_234' title='bbox 293 3758 384 3827; x_wconf 75' lang='lat' dir='ltr'><strong>qneP</strong></span> <span class='ocrx_word' id='word_1_235' title='bbox 403 3773 483 3829; x_wconf 88' lang='lat' dir='ltr'><strong>qnam</strong></span> <span class='ocrx_word' id='word_1_236' title='bbox 494 3757 574 3811; x_wconf 71' lang='grc' dir='ltr'><strong>ΒΨ</strong></span> <span class='ocrx_word' id='word_1_237' title='bbox 662 3757 778 3827; x_wconf 79' lang='lat' dir='ltr'><strong>Sadqne</strong></span> <span class='ocrx_word' id='word_1_238' title='bbox 793 3757 844 3812; x_wconf 88' lang='lat' dir='ltr'><strong>VP</strong></span> <span class='ocrx_word' id='word_1_239' title='bbox 928 3756 1028 3813; x_wconf 90' lang='lat' dir='ltr'><strong>euntO</strong></span> <span class='ocrx_word' id='word_1_240' title='bbox 1113 3757 1207 3825; x_wconf 75' lang='lat' dir='ltr'><strong>liqna-</strong></span> 
     </span>
     <span class='ocr_line' id='line_1_33' title="bbox 73 3840 1207 3913; baseline -0.004 -14"><span class='ocrx_word' id='word_1_241' title='bbox 73 3853 135 3899; x_wconf 81' lang='lat' dir='ltr'><strong>tuor</strong></span> <span class='ocrx_word' id='word_1_242' title='bbox 152 3844 210 3900; x_wconf 85' lang='grc' dir='ltr'><strong>ΟΧ</strong></span> <span class='ocrx_word' id='word_1_243' title='bbox 305 3843 411 3913; x_wconf 80' lang='lat' dir='ltr'><strong>oopolas</strong></span> <span class='ocrx_word' id='word_1_244' title='bbox 427 3842 454 3897; x_wconf 95' lang='grc'>7</span> <span class='ocrx_word' id='word_1_245' title='bbox 549 3840 832 3912; x_wconf 75' lang='lat' dir='ltr'><strong>11fi1ergiria001³x</strong></span> <span class='ocrx_word' id='word_1_246' title='bbox 929 3842 962 3895; x_wconf 77' lang='lat'><strong>12</strong></span> <span class='ocrx_word' id='word_1_247' title='bbox 973 3842 1153 3911; x_wconf 80' lang='lat' dir='ltr'><strong>oonlugantur</strong></span> <span class='ocrx_word' id='word_1_248' title='bbox 1163 3841 1207 3895; x_wconf 88' lang='lat' dir='ltr'><strong>D¹</strong></span> 
     </span>
     <span class='ocr_line' id='line_1_34' title="bbox 72 3927 1206 4000; baseline -0.004 -15"><span class='ocrx_word' id='word_1_249' title='bbox 72 3929 227 4000; x_wconf 78' lang='lat' dir='ltr'><strong>seningabo</strong></span> <span class='ocrx_word' id='word_1_250' title='bbox 244 3929 267 3985; x_wconf 94' lang='lat'><strong><em>0</em></strong></span> <span class='ocrx_word' id='word_1_251' title='bbox 353 3930 387 3984; x_wconf 85' lang='lat'><strong>14</strong></span> <span class='ocrx_word' id='word_1_252' title='bbox 399 3928 560 3997; x_wconf 87' lang='lat' dir='ltr'><strong>disputimus</strong></span> <span class='ocrx_word' id='word_1_253' title='bbox 575 3928 610 3983; x_wconf 93' lang='grc' dir='ltr'><strong>7Ι</strong></span> <span class='ocrx_word' id='word_1_254' title='bbox 698 3928 730 3982; x_wconf 88' lang='lat'><strong>15</strong></span> <span class='ocrx_word' id='word_1_255' title='bbox 742 3930 870 3997; x_wconf 77' lang='lat' dir='ltr'><strong>perurget</strong></span> <span class='ocrx_word' id='word_1_256' title='bbox 881 3927 910 3982; x_wconf 92' lang='lat' dir='ltr'><em>D</em></span> <span class='ocrx_word' id='word_1_257' title='bbox 990 3930 1120 3982; x_wconf 83' lang='lat' dir='ltr'><strong>statutam</strong></span> <span class='ocrx_word' id='word_1_258' title='bbox 1131 3942 1206 3980; x_wconf 87' lang='lat' dir='ltr'><strong>oram</strong></span> 
     </span>
     <span class='ocr_line' id='line_1_35' title="bbox 77 4010 1206 4083; baseline -0.004 -13"><span class='ocrx_word' id='word_1_259' title='bbox 77 4016 100 4070; x_wconf 88' lang='grc'>0</span> <span class='ocrx_word' id='word_1_260' title='bbox 203 4014 251 4069; x_wconf 82' lang='lat' dir='ltr'><strong>bae</strong></span> <span class='ocrx_word' id='word_1_261' title='bbox 268 4014 350 4083; x_wconf 85' lang='lat' dir='ltr'>W(0)</span> <span class='ocrx_word' id='word_1_262' title='bbox 453 4014 485 4069; x_wconf 83' lang='lat'><strong>18</strong></span> <span class='ocrx_word' id='word_1_263' title='bbox 501 4014 693 4069; x_wconf 88' lang='lat' dir='ltr'><strong>delietissimus</strong></span> <span class='ocrx_word' id='word_1_264' title='bbox 709 4012 744 4067; x_wconf 91' lang='lat' dir='ltr'><strong>V¹</strong></span> <span class='ocrx_word' id='word_1_265' title='bbox 773 4012 962 4068; x_wconf 79' lang='lat' dir='ltr'><strong>dilectissimos</strong></span> <span class='ocrx_word' id='word_1_266' title='bbox 977 4011 1013 4067; x_wconf 67' lang='lat'><strong>1⁷²</strong></span> <span class='ocrx_word' id='word_1_267' title='bbox 1042 4012 1151 4081; x_wconf 78' lang='lat' dir='ltr'><strong>deligat</strong></span> <span class='ocrx_word' id='word_1_268' title='bbox 1163 4010 1206 4065; x_wconf 80' lang='lat' dir='ltr'><strong>D·</strong></span> 
     </span>
     <span class='ocr_line' id='line_1_36' title="bbox 75 4097 1143 4170; baseline -0.002 -15"><span class='ocrx_word' id='word_1_269' title='bbox 75 4103 112 4155; x_wconf 90' lang='grc' dir='ltr'><strong>Ρι</strong></span> <span class='ocrx_word' id='word_1_270' title='bbox 195 4102 271 4170; x_wconf 80' lang='lat' dir='ltr'><strong>eybos</strong></span> <span class='ocrx_word' id='word_1_271' title='bbox 281 4102 375 4157; x_wconf 83' lang='lat' dir='ltr'><strong>DPX</strong></span> <span class='ocrx_word' id='word_1_272' title='bbox 449 4101 569 4157; x_wconf 77' lang='lat' dir='ltr'><strong>tertiat)</strong></span> <span class='ocrx_word' id='word_1_273' title='bbox 642 4098 677 4153; x_wconf 86' lang='lat'><strong>20</strong></span> <span class='ocrx_word' id='word_1_274' title='bbox 689 4099 775 4168; x_wconf 84' lang='lat' dir='ltr'><strong>adque</strong></span> <span class='ocrx_word' id='word_1_275' title='bbox 790 4098 842 4153; x_wconf 91' lang='lat' dir='ltr'><strong>VP</strong></span> <span class='ocrx_word' id='word_1_276' title='bbox 916 4097 1099 4152; x_wconf 71' lang='lat' dir='ltr'><strong>21sbsu1utio</strong></span> <span class='ocrx_word' id='word_1_277' title='bbox 1118 4098 1143 4153; x_wconf 92' lang='lat' dir='ltr'><strong><em>V</em></strong></span> 
     </span>
     <span class='ocr_line' id='line_1_37' title="bbox 75 4183 1126 4257; baseline -0.006 -14"><span class='ocrx_word' id='word_1_278' title='bbox 75 4189 225 4244; x_wconf 67' lang='lat' dir='ltr'><strong>nulladum</strong></span> <span class='ocrx_word' id='word_1_279' title='bbox 239 4190 276 4247; x_wconf 80' lang='lat' dir='ltr'><strong>lV</strong></span> <span class='ocrx_word' id='word_1_280' title='bbox 355 4188 392 4243; x_wconf 73' lang='lat'><strong>23</strong></span> <span class='ocrx_word' id='word_1_281' title='bbox 404 4186 490 4257; x_wconf 87' lang='lat' dir='ltr'><strong>adque</strong></span> <span class='ocrx_word' id='word_1_282' title='bbox 503 4187 555 4241; x_wconf 90' lang='lat' dir='ltr'><strong>VP</strong></span> <span class='ocrx_word' id='word_1_283' title='bbox 633 4188 674 4239; x_wconf 89' lang='lat' dir='ltr'><strong>eat</strong></span> <span class='ocrx_word' id='word_1_284' title='bbox 685 4189 788 4254; x_wconf 85' lang='lat' dir='ltr'><strong>ampnt.</strong></span> <span class='ocrx_word' id='word_1_285' title='bbox 803 4184 827 4240; x_wconf 91' lang='lat' dir='ltr'><em>O</em></span> <span class='ocrx_word' id='word_1_286' title='bbox 913 4184 947 4239; x_wconf 77' lang='lat'><strong>24</strong></span> <span class='ocrx_word' id='word_1_287' title='bbox 958 4184 1075 4239; x_wconf 81' lang='lat' dir='ltr'><strong>diutinae</strong></span> <span class='ocrx_word' id='word_1_288' title='bbox 1093 4183 1126 4237; x_wconf 88' lang='lat' dir='ltr'><strong>V¹</strong></span> 
     </span>
     <span class='ocr_line' id='line_1_38' title="bbox 77 4269 1210 4345; baseline -0.004 -16"><span class='ocrx_word' id='word_1_289' title='bbox 77 4276 110 4329; x_wconf 74' lang='grc'><strong>18</strong></span> <span class='ocrx_word' id='word_1_290' title='bbox 127 4278 211 4345; x_wconf 83' lang='lat' dir='ltr'><strong>adque</strong></span> <span class='ocrx_word' id='word_1_291' title='bbox 225 4277 276 4333; x_wconf 93' lang='lat' dir='ltr'><strong>VP</strong></span> <span class='ocrx_word' id='word_1_292' title='bbox 370 4273 405 4328; x_wconf 75' lang='lat' dir='ltr'><strong>at</strong></span> <span class='ocrx_word' id='word_1_293' title='bbox 425 4273 546 4328; x_wconf 75' lang='lat' dir='ltr'><strong>discissio</strong></span> <span class='ocrx_word' id='word_1_294' title='bbox 562 4272 588 4327; x_wconf 93' lang='lat' dir='ltr'><strong><em>V</em></strong></span> <span class='ocrx_word' id='word_1_295' title='bbox 671 4272 713 4341; x_wconf 88' lang='lat' dir='ltr'><strong>ae]</strong></span> <span class='ocrx_word' id='word_1_296' title='bbox 733 4272 781 4325; x_wconf 83' lang='lat' dir='ltr'><strong>ant</strong></span> <span class='ocrx_word' id='word_1_297' title='bbox 796 4270 872 4327; x_wconf 86' lang='lat' dir='ltr'><strong>OXe</strong></span> <span class='ocrx_word' id='word_1_298' title='bbox 956 4269 1149 4339; x_wconf 86' lang='lat' dir='ltr'><strong>subsequaetur</strong></span> <span class='ocrx_word' id='word_1_299' title='bbox 1166 4271 1210 4325; x_wconf 88' lang='lat' dir='ltr'><strong>D¹</strong></span> 
     </span>
     <span class='ocr_line' id='line_1_39' title="bbox 78 4356 1050 4433; baseline -0.005 -18"><span class='ocrx_word' id='word_1_300' title='bbox 78 4360 244 4433; x_wconf 78' lang='lat' dir='ltr'><strong>mbaapuetnr</strong></span> <span class='ocrx_word' id='word_1_301' title='bbox 267 4362 350 4420; x_wconf 76' lang='lat' dir='ltr'><strong>V²Xz</strong></span> <span class='ocrx_word' id='word_1_302' title='bbox 381 4358 556 4427; x_wconf 80' lang='lat' dir='ltr'><strong>subsequitur</strong></span> <span class='ocrx_word' id='word_1_303' title='bbox 577 4358 723 4413; x_wconf 80' lang='lat' dir='ltr'><strong><em>V¹D¹WP</em></strong></span> <span class='ocrx_word' id='word_1_304' title='bbox 749 4357 942 4427; x_wconf 86' lang='lat' dir='ltr'><strong>subsequentur</strong></span> <span class='ocrx_word' id='word_1_305' title='bbox 964 4356 987 4411; x_wconf 89' lang='lat'><em>0</em></span> <span class='ocrx_word' id='word_1_306' title='bbox 1045 4420 1050 4429; x_wconf 34' lang='grc' dir='ltr'>Ι</span> 
     </span>
    </p>
   </div>
   <div class='ocr_carea' id='block_1_5' title="bbox 1067 4461 1106 4514">
    <p class='ocr_par' dir='ltr' id='par_1_6' title="bbox 1067 4461 1106 4514">
     <span class='ocr_line' id='line_1_40' title="bbox 1067 4461 1106 4514; baseline 0 -23"><span class='ocrx_word' id='word_1_307' title='bbox 1067 4461 1106 4514; x_wconf 64' lang='lat'><strong>9&amp;</strong></span> 
     </span>
    </p>
   </div>
   <div class='ocr_carea' id='block_1_6' title="bbox 0 0 1517 5200">
    <p class='ocr_par' dir='ltr' id='par_1_7' title="bbox 0 0 1517 5200">
     <span class='ocr_line' id='line_1_41' title="bbox 0 0 1517 5200; baseline 0 0"><span class='ocrx_word' id='word_1_308' title='bbox 0 0 1517 5200; x_wconf 95' lang='lat' dir='ltr'><strong> </strong></span> 
     </span>
    </p>
   </div>
  </div>
 </body>
</html>
