3009 5200
312 468 376 537 582
704 466 873 522 Iohannis
891 466 1050 522 Cassiani

313 659 408 723 deuiis
437 662 470 723 et
499 659 642 740 operibus
670 658 790 723 diutius
819 656 973 739 inplicari,
1003 656 1142 722 adiciens
1168 656 1353 722 adstruebat
1379 676 1443 725 non

311 762 406 826 licere
435 761 581 843 cuiquam
610 763 677 826 eine
703 780 737 826 se
767 761 840 825 boni
868 760 1022 825 extonam
1051 758 1151 824 facere
1178 762 1229 825 cui
1257 761 1443 827 omnimodis

311 864 537 931 inhaerendum
560 884 628 931 esse
651 866 822 943 didicisset
851 864 1039 946 maiorisque
1053 882 1120 929 esse
1135 866 1266 947 periculi
1282 866 1442 947 despicere

311 969 471 1049 cognitam
491 967 666 1035 bonitatem
688 988 782 1051 quam
811 969 1003 1052 incognitam
1025 986 1087 1032 nou
1111 986 1232 1033 amare:
1254 970 1385 1049 proinde
1408 988 1440 1033 se

310 1070 374 1133 iam
407 1072 497 1135 reatu
530 1073 625 1136 stiam
660 1072 938 1155 praeuaricationis
974 1071 1103 1153 incolui,
1142 1073 1168 1135 si
1201 1070 1340 1135 inuentis
1374 1074 1473 1137 tame

309 1173 476 1255 praeclaris
504 1178 632 1257 tamque
660 1174 848 1241 caelestibus
876 1172 965 1239 bonis
995 1176 1119 1238 terrena
1142 1192 1178 1237 ac
1200 1172 1325 1238 sordida
1347 1192 1439 1256 prae·

280 1280 446 1347 dtulisset.
474 1280 515 1344 ad
529 1298 654 1345 omnem
670 1298 745 1345 saue
761 1281 898 1345 aetatem
913 1298 1100 1361 omnemque
1115 1296 1223 1343 serum
1239 1276 1440 1361 perfectiouis

308 1381 576 1464 magnificentiam
609 1386 763 1465 pertinere
797 1388 830 1447 et
861 1385 1005 1448 uniuersa
1043 1383 1190 1448 ecclesiae
1223 1380 1365 1446 membra
1400 1383 1440 1447 ad

308 1484 574 1549 conscendendam
604 1486 790 1551 sublimium
820 1486 1004 1552 meritorum
1032 1486 1252 1551 celsitudinem
1277 1486 1440 1569 prouocari

308 1587 432 1652 dicente
459 1589 615 1670 apostolo:
649 1591 706 1655 sic
738 1592 893 1655 currite
922 1594 964 1656 ut
993 1590 1345 1674 conprehendatis,
1383 1606 1470 1652 neon

307 1691 435 1772 proptor
464 1693 622 1759 lentorum
654 1694 688 1759 et
720 1696 864 1777 segnium
898 1714 1000 1760 moras
1036 1695 1162 1777 paratos
1193 1694 1287 1774 atque
1314 1693 1437 1756 alacres

308 1792 421 1858 debere
441 1794 620 1878 subsistere,
643 1816 716 1862 eum
737 1800 853 1863 rectius
876 1800 918 1863 sit
941 1801 976 1863 ut
993 1798 1112 1863 desides
1127 1816 1145 1861 a
1160 1795 1436 1879 praecurrentibus

307 1896 481 1961 incitentur
519 1918 614 1981 qnam
653 1904 690 1965 ut
721 1904 921 1985 properantes
955 1920 973 1967 a
1002 1900 1213 1966 residentibus
1246 1899 1436 1982 obligentur.

307 2001 437 2083 prolude
459 2004 615 2069 statutum
637 2005 698 2069 sibi
720 2006 941 2088 decretumque
968 2024 1033 2070 esse
1055 2004 1235 2070 renuntiare
1259 2001 1386 2067 saeculo
1402 2018 1437 2064 aa

307 2105 387 2168 mori
415 2106 541 2185 mundo,
569 2108 608 2173 ut
634 2109 740 2173 uiuere
769 2110 866 2191 possit
896 2110 963 2186 deo,
994 2112 1027 2174 et
1053 2110 1081 2173 si
1105 2108 1184 2173 hauc
1205 2106 1466 2172 beatitudinems

308 2212 440 2289 nequest
472 2212 623 2290 obtinere,
655 2214 693 2276 ut
721 2230 792 2276 curn
820 2214 903 2278 socia
932 2230 989 2277 sua
1016 2212 1048 2276 in
1077 2213 1264 2277 consortium
1293 2212 1436 2274 transeat

307 2308 436 2389 curisti,
470 2314 565 2379 malle
593 2334 626 2379 se
655 2317 708 2380 uel
736 2334 809 2381 cum
838 2319 929 2381 unius
960 2318 1092 2381 membri
1121 2314 1280 2395 dispendio
1309 2313 1434 2377 saluum

306 2412 374 2477 lieri
403 2417 437 2478 ot
464 2417 552 2480 uelut
580 2416 715 2483 debilem
737 2418 856 2483 intrare
878 2418 912 2483 in
934 2436 1031 2502 regna
1056 2420 1209 2483 caelorum
1238 2434 1333 2497 quam
1364 2434 1433 2478 oum

277 2517 464 2589 3eobditate
498 2521 635 2604 corporis
671 2521 880 2586 condemnari.
919 2520 1075 2587 adiciebat
1106 2522 1211 2584 autem
1241 2520 1339 2583 etiam
1368 2518 1432 2583 iste

306 2621 432 2686 dicens:
454 2622 481 2686 si
503 2623 626 2706 Moyses
649 2643 705 2706 pro
729 2625 846 2690 duritia
868 2626 970 2692 cordis
994 2625 1115 2691 dimitti
1137 2623 1298 2706 permittit
1312 2639 1464 2698 uxoreseo

305 2741 399 2806 quare
420 2726 480 2790 hoc
494 2743 554 2791 uon
568 2729 652 2792 sinat
667 2727 809 2793 Christus
824 2747 880 2810 pro
895 2729 1047 2794 desiderio
1063 2727 1229 2805 castitatis,
1246 2728 1431 2808 praesertim

305 2845 377 2892 cum
405 2829 488 2894 idem
516 2831 660 2896 dominus
689 2833 772 2895 iuter
800 2835 915 2896 ceteras
944 2833 1143 2908 adfectiones,
1172 2831 1279 2895 idest
1305 2833 1431 2912 patrum

304 2933 502 3013 matrumque
523 2951 559 2997 ac
579 2933 727 3013 tiliorum,
755 2935 867 3017 quibus
890 2952 1015 2998 omnem
1029 2933 1236 2998 reuerentiam
1253 2951 1312 2996 uon
1328 2932 1430 2996 solum

305 3035 353 3098 lex
382 3034 436 3098 sed
464 3034 562 3099 etiam
592 3036 660 3118 ipse
688 3040 891 3118 praeceperat
919 3035 1066 3114 exhiberi,
1095 3036 1200 3099 temen
1228 3051 1284 3115 pro
1306 3035 1430 3097 nomine

304 3154 360 3202 suo
381 3155 419 3201 ac
440 3139 592 3204 desiderio
613 3138 817 3222 perfectionis
840 3156 900 3203 uon
931 3139 1033 3205 solum
1062 3137 1290 3202 contemnenda
1307 3133 1464 3217 simpli-ee

303 3239 389 3318 citer,
418 3241 471 3305 sed
500 3243 596 3306 etiam
625 3242 694 3307 odio
721 3241 863 3306 habenda
896 3259 963 3306 esse
992 3242 1158 3307 decernens
1187 3239 1357 3323 coniungat
1386 3238 1430 3302 eis

303 3343 453 3410 similiter
474 3344 572 3409 etiam
594 3361 707 3410 nomen
728 3359 860 3408 uxorum
882 3342 1006 3408 diceus:
1034 3344 1072 3407 et
1093 3341 1218 3406 omnis
1246 3343 1312 3424 qui
1335 3340 1430 3405 reli-

406 3498 439 3551 10
461 3497 476 3552 1
493 3497 551 3552 Cor.
569 3497 594 3563 9,
611 3497 647 3550 24
749 3498 783 3550 18
806 3497 839 3553 ol.
857 3497 907 3550 ult
925 3499 950 3563 5,
968 3497 1003 3550 30
1105 3497 1141 3549 20
1163 3495 1198 3549 cl.
1215 3495 1267 3548 Mt.
1285 3495 1326 3562 19,
1345 3497 1363 3550 8

301 3584 469 3640 ntem

351 3719 563 3789 ttqnicquamO
648 3719 932 3788 cui...3esse]quod
947 3717 1021 3774 OKo
1106 3719 1246 3788 3periouli
1258 3719 1327 3774 BF:
1346 3733 1429 3771 norae

303 3803 377 3861 olle
471 3804 601 3874 dispicere
617 3803 692 3858 B¹K
783 3804 895 3860 tidonis
915 3804 988 3859 OKo
1082 3805 1185 3859 sordita
1203 3804 1241 3859 13¹
1337 3804 1428 3857 'lom-

300 3891 428 3959 uiumquc
457 3890 481 3946 0
582 3905 686 3945 ursum
711 3891 742 3944 F
847 3891 865 3945 8
891 3893 919 3945 et
945 3893 977 3945 nt
1004 3891 1043 3944 Γ*
1145 3892 1289 3944 huninerse
1317 3891 1341 3944 O
1368 3891 1426 3943 nui·

301 3991 393 4031 uenae
410 3977 443 4030 K
538 3978 573 4032 10
590 3977 712 4047 apostolo
729 3977 770 4031 Βι
867 3977 1073 4046 adprehendatis
1092 3977 1163 4032 Bu*
1257 3979 1287 4030 ll
1308 3977 1427 4045 signium

301 4062 344 4116 Κ*
446 4063 479 4116 12
503 4079 584 4131 quum
610 4063 633 4118 0
734 4062 842 4117 decedes
866 4063 907 4117 Κι
1016 4065 1048 4118 13
1071 4065 1098 4132 a]
1123 4080 1152 4117 ao
1176 4063 1213 4116 F·
1243 4063 1427 4117 resedentibus

300 4147 342 4201 K¹
427 4151 461 4203 16
472 4149 644 4205 consortioO
731 4149 765 4203 18
778 4149 891 4204 introire
905 4149 979 4206 OKo
1066 4151 1098 4204 19
1116 4149 1202 4204 staO
1252 4194 1255 4202 .
1288 4147 1323 4202 20
1341 4165 1427 4204 moses

299 4233 370 4287 ΒΨ
452 4251 560 4288 uxorem
579 4235 610 4288 F
691 4235 726 4288 22
742 4235 869 4305 quumO
955 4235 1070 4289 fratrum
1085 4235 1125 4288 K*
1210 4235 1244 4289 24
1262 4236 1427 4304 praeciperet

300 4318 342 4372 Κ·
410 4319 532 4373 exbibete
541 4320 592 4374 Kc
660 4322 694 4376 25
707 4321 964 4378 contemnendasK¹
1033 4321 1160 4376 acholio
1173 4321 1248 4376 Bw
1318 4319 1352 4374 27
1365 4322 1428 4375 reli·

299 4403 364 4474 quid
381 4405 449 4459 Flu
477 4406 617 4476 reliquerit
636 4407 679 4464 Oo
