3009 5200
519 447 680 505 Coulstio
703 447 793 513 XVII,
810 448 851 505 211
1180 450 1252 517 496

119 637 208 705 uelut
224 636 459 720 poenitudinem
475 654 585 721 gerens
600 636 849 703 electionissmo
859 636 1089 705 deuehumsuis
1099 636 1244 720 quodem·

119 741 211 807 modo
240 741 278 805 de
307 741 414 806 eodem
444 741 573 807 uocibus
596 744 689 823 etque
710 740 874 807 effecu'bus
896 745 1100 824 conqueratur
1122 740 1244 807 diceus:

119 843 301 926 pueuitet
329 860 386 911 me
415 843 515 925 quod
546 844 832 909 constituerim
859 842 954 909 Saul
979 862 1129 928 repemr
1152 845 1246 927 quis

120 946 339 1029 dereliquit
361 964 435 1029 me,
457 949 496 1012 ot
517 946 637 1015 uerbo
666 964 748 1011 meo
770 964 885 1029 opere
906 965 978 1011 noo
1000 948 1189 1029 inpleoit‚
1213 949 1245 1013 et
1286 998 1290 1010 .

99 1048 251 1115 sitemm:
295 1051 567 1117 ueromtsmeu
619 1050 787 1132 lugebat
838 1048 1021 1117 Samuhel
1073 1049 1243 1131 Saulem,

120 1152 301 1235 quoniam
335 1150 530 1219 domiuum
563 1150 796 1234 paenitebat
828 1154 928 1235 qood
957 1155 1244 1221 constituisset

119 1274 248 1340 regem
285 1254 377 1323 Seul
416 1273 534 1338 super
569 1255 735 1321 Israhel.
783 1257 913 1337 denique
949 1255 1008 1319 hoc
1039 1256 1121 1338 quod
1152 1252 1300 1339 opere16

118 1360 222 1427 fueret
258 1362 420 1425 exsecutus
457 1360 566 1439 postes
602 1357 700 1425 etism
736 1378 792 1440 per
828 1358 1023 1425 Ezechielem
1059 1361 1244 1444 prophetem

119 1464 264 1529 domiuus
296 1464 489 1545 protestetur
521 1482 593 1529 cum
628 1462 773 1530 omuibus
806 1480 840 1527 se
873 1461 1053 1529 homiuibus
1086 1464 1244 1530 cotidiene

85 1572 282 1653 regestorum
315 1586 380 1633 esse
413 1567 527 1635 iudicio
562 1566 686 1633 etiem
712 1567 747 1633 si
772 1567 922 1643 uixero,
953 1566 1106 1650 iuquiens,
1137 1566 1243 1631 iusto

118 1671 218 1754 quod
239 1670 330 1736 uite
351 1672 480 1751 uiuet,
503 1674 540 1735 ot
563 1670 745 1737 confisus
768 1671 808 1735 io
831 1670 1243 1737 iustitissusieoerit

118 1774 396 1858 iniquitatem:
432 1792 564 1839 omues
596 1773 784 1839 iustitiae
817 1774 903 1839 eius
937 1773 1132 1839 obliuioni
1161 1776 1243 1840 tre·

120 1878 275 1955 deutur,
310 1879 347 1942 et
378 1876 418 1941 iu
449 1876 684 1959 iniquitate,
718 1894 833 1960 quem
866 1882 1054 1959 operatus
1091 1882 1171 1961 est,
1204 1880 1243 1943 iu

119 1982 205 2063 ipss
248 1981 450 2047 morietur.
498 1980 558 2045 siu
603 1984 730 2047 eutem
776 1980 910 2046 dixero
951 1981 1074 2064 inpio:
1118 1983 1245 2047 morte

86 2085 316 2151 somorieris:
352 2086 391 2149 et
423 2085 553 2167 egerit
588 2085 884 2168 peonitentiam
917 2101 936 2148 r
966 2088 1127 2167 pecooto
1159 2104 1243 2162 suo,

120 2188 344 2270 feceritque
374 2186 566 2253 iudicium
596 2189 634 2253 et
662 2186 886 2262 iustitium,
909 2188 1051 2271 pignus
1073 2188 1243 2254 restitu-

119 2292 198 2359 erit
225 2291 298 2356 ille
332 2292 480 2374 inpius,
513 2292 768 2374 rapinamque
803 2291 1041 2366 reddiderit,
1074 2291 1112 2355 iu
1142 2311 1244 2357 meu·

119 2396 225 2460 detis
268 2394 378 2459 uitse
422 2395 708 2472 ombulsuerit,
749 2412 820 2459 neo
856 2393 999 2459 fecerit
1035 2394 1242 2477 quicquam

119 2500 328 2566 iniustum:
351 2497 436 2564 uite
458 2500 586 2575 uiuet,
610 2516 682 2563 uon
705 2497 907 2565 morietur.
941 2498 1244 2580 omuiepeoostu

85 2605 218 2687 sosius,
249 2622 347 2686 queo
375 2602 576 2686 peccauit,
607 2620 681 2666 nou
708 2598 1005 2685 inputobuutur
1026 2602 1072 2667 ei.
1109 2602 1298 2684 doniquel‘t

119 2725 190 2772 com
220 2706 259 2772 eb
289 2707 344 2772 illo
366 2707 492 2789 populo,
517 2724 608 2787 quem
632 2723 667 2770 ex
689 2706 833 2770 omnibus
854 2705 1001 2786 gentibus
1021 2706 1165 2772 dominus
1188 2709 1242 2772 ud·

118 2809 250 2892 opteuit
273 2814 398 2893 proptor
419 2807 556 2874 subitum
586 2806 886 2890 praeuaricationem
916 2807 1242 2889 misericorditerque

119 2915 284 2980 auertisset
313 2915 482 2994 aspectum,
511 2910 725 2976 interuenisse
755 2928 809 2994 pro
832 2928 867 2974 eo
889 2910 1051 2993 legislator
1072 2912 1243 2979 exolescat:

118 3017 291 3094 obsecro,
322 3016 488 3080 domiue:
517 3015 703 3097 peccauit
731 3015 899 3099 populus
929 3015 1008 3080 iste
1037 3014 1241 3097 peccetum

84 3137 315 3202 semegem,
352 3119 535 3183 feceruut
571 3116 649 3182 sibi
687 3118 779 3184 deos
816 3136 971 3184 eureos:
1003 3121 1042 3187 ot
1075 3137 1177 3187 nuuc
1208 3120 1241 3184 si

117 3222 295 3288 remittis
322 3225 530 3303 peecatum
553 3239 702 3298 eorum,
725 3220 901 3287 remitte:
931 3222 992 3286 sin
1014 3220 1133 3303 elius,
1155 3222 1244 3287 dele

117 3343 171 3390 me
201 3325 244 3390 de
272 3325 376 3392 libro
406 3326 472 3390 tuo
501 3343 608 3407 quem
638 3324 858 3407 scripsisti.
897 3325 962 3392 cui
991 3324 1185 3391 domiuus:
1208 3326 1242 3390 si

117 3431 220 3511 quis,
250 3429 399 3512 iuquit,
429 3427 657 3512 peccauerit
684 3447 814 3495 eorem
837 3447 907 3505 me,
931 3429 1067 3495 delebo
1090 3446 1173 3492 eum
1196 3427 1243 3492 de

116 3533 223 3598 libro
253 3549 342 3598 meo.
376 3533 477 3598 Dcuid
508 3551 638 3616 quoque,
669 3531 741 3599 dum
774 3534 811 3598 de
840 3533 918 3598 luds
947 3535 979 3596 et
996 3531 1245 3614 persecutoribus

218 3755 356 3824 slueg.
381 3755 421 3818 15,
444 3756 474 3809 11
580 3754 639 3809 tl.
658 3769 679 3808 e.
697 3754 730 3809 35
835 3754 869 3809 10
892 3753 983 3808 mech.
1007 3754 1049 3819 33,
1070 3754 1171 3808 13-16

117 3840 150 3894 24
169 3839 216 3894 Ex.
234 3841 276 3904 32,
295 3843 398 3896 31-33
415 3840 508 3906 (ΠΧ)

167 4044 184 4099 4
201 4044 349 4114 dereliquid
367 4045 392 4098 0
487 4045 704 4099 tuorumtsmeu
722 4060 774 4097 om.
793 4047 819 4096 'l'
907 4045 1009 4098 mmucl
1028 4045 1053 4097 0
1148 4045 1163 4098 7
1182 4044 1243 4098 seul

116 4145 204 4200 regem
223 4134 249 4184 Ψ
335 4131 414 4184 isreel
433 4133 461 4183 Σ
489 4131 540 4186 riri
557 4133 583 4183 ‘P
671 4132 828 4184 Berecutus
846 4131 914 4184 ‘P'O
1004 4130 1021 4184 9
1038 4130 1130 4184 cottid.
1148 4132 1176 4181 1*

117 4217 147 4270 11
173 4218 250 4270 uiuet
273 4219 299 4269 1
325 4215 403 4270 uibet
424 4217 459 4269 0¹
563 4217 596 4272 18
614 4214 754 4285 quicquum
772 4216 905 4271 iniustum
923 4215 1018 4269 iecerit
1035 4217 1061 4267 Y
1160 4215 1194 4268 19
1210 4218 1243 4268 et

115 4315 167 4353 uon
186 4304 229 4355 ‘Po
315 4301 350 4356 20
367 4302 391 4355 ei
410 4317 460 4355 oro.
478 4303 503 4354 Τ
587 4301 621 4354 22
638 4301 768 4372 subitam]
782 4301 899 4356 subitum
912 4301 994 4355 uituli
1014 4301 1061 4355 Oo
1149 4299 1183 4353 116
1198 4315 1242 4355 re-

115 4387 208 4439 mittes
227 4387 252 4439 0
354 4391 460 4456 peocsts
478 4390 503 4438 T
603 4387 638 4441 28
660 4387 755 4456 inquid
773 4389 827 4440 ΤΟ
928 4387 962 4442 29
980 4386 1053 4456 dum]
1072 4401 1131 4440 cum
1150 4388 1176 4437 ‘P
