3009 5200
471 472 633 531 Conlatio
655 474 730 542 xxi,
748 475 826 529 6-9.
1148 477 1210 543 581

88 666 268 745 conceptum
291 662 381 745 quasi
402 661 567 743 profundis
591 665 685 743 atque
702 660 845 726 edomitis
860 662 909 727 sui
925 662 1059 743 pectoris
1074 663 1212 729 condidit

86 765 195 843 sulem,
221 767 254 831 in
276 784 312 831 eo
340 766 393 831 uel
415 766 550 831 maximo
580 764 765 829 humiliatus
788 768 880 846 atque
904 768 1106 850 conpunctus,
1130 768 1212 849 qnod

88 888 160 934 eom
182 888 275 935 senex
297 886 359 934 non
381 868 481 933 solum
505 868 718 950 euangelicam
741 867 964 948 perfectionem
986 886 1047 935 non
1064 871 1211 954 adtigisse

87 972 224 1053 dinotet,
262 972 317 1037 sed
356 971 452 1037 etiarn
487 970 541 1035 nir
577 970 658 1055 legis
694 972 794 1053 ipsius
831 970 1017 1052 adimplesse
1053 973 1210 1039 mandata

65 1074 240 1157 ssiquidem
262 1094 332 1140 cum
355 1076 493 1141 decimas
515 1074 643 1156 frugum
665 1092 792 1139 suarum
814 1074 927 1139 solitus
951 1077 1032 1140 esset
1054 1075 1211 1142 diaconiae

86 1177 178 1242 annis
221 1178 355 1261 singulis
391 1178 533 1259 pendere,
573 1176 788 1259 primitiarum
825 1177 979 1242 rationem
1016 1196 1054 1241 ne
1089 1179 1212 1243 audisse
1269 1182 1271 1187 '

85 1282 212 1362 quidem
241 1299 274 1345 se
300 1280 468 1361 aliqnando
498 1278 648 1344 deflebat:
671 1297 765 1361 quam
790 1281 895 1343 taumn
917 1280 1043 1345 etiamsi
1065 1281 1211 1346 similiter

84 1382 257 1467 implesset,
279 1384 372 1466 longe
393 1382 598 1448 nihilominus
620 1382 789 1448 secundum
811 1381 892 1447 senis
915 1385 1103 1447 sententiam
1124 1403 1156 1448 se
1171 1384 1210 1449 ab

85 1488 269 1570 euangelica
289 1484 477 1569 perfectione
492 1485 610 1549 distare
625 1484 811 1569 suppliciter
828 1486 992 1550 fatebatur.
1031 1487 1070 1551 ad
1084 1488 1240 1553 domum2

51 1588 194 1671 uitaque
229 1589 401 1654 reuertitur
436 1588 574 1653 maestus
612 1588 728 1669 illaque
772 1587 913 1653 adlectus
950 1589 1095 1667 trist'tia‚
1132 1608 1210 1672 quae

85 1692 310 1773 paenitentiam
339 1692 379 1757 ad
406 1690 542 1756 sulutem
569 1690 717 1757 stabilem
744 1694 900 1775 operatur,
935 1710 971 1755 ac
999 1694 1036 1759 de
1064 1712 1121 1759 sua
1148 1695 1210 1759 mm

84 1794 250 1859 uoluntate
279 1799 311 1859 et
342 1794 522 1859 delinitione
556 1812 617 1889 non
650 1795 763 1860 dubius
796 1812 868 1877 erge
898 1796 1034 1861 salutem
1069 1798 1209 1880 coniugis

84 1916 211 1962 omnem
233 1898 348 1963 mentis
370 1897 615 1962 sollicitudinem
630 1915 812 1979 *curamque
835 1900 998 1979 conuertit,
1022 1918 1150 1982 eamque
1171 1902 1210 1965 od

84 2000 275 2067 desiderium
299 2018 360 2083 quo
381 2000 484 2065 luerat
505 2000 572 2082 ipse
587 2018 753 2065 succensus
770 2001 981 2067 exhortatione
996 2004 1097 2084 coepit
1113 2004 1209 2069 simili

48 2126 74 2165 ιι
82 2120 250 2186 prouocare
271 2104 304 2169 et
325 2108 361 2167 nt
383 2103 578 2184 deoperitur
603 2102 637 2166 in
661 2104 868 2168 sanctimonia
890 2109 921 2169 et
944 2106 1087 2169 castitate
1110 2107 1210 2185 seroi-

83 2210 157 2273 rent
178 2206 297 2271 diurnis
318 2206 538 2287 nocturnisque
562 2204 687 2271 fletibus
707 2224 842 2285 monere,
857 2208 961 2271 dicens
977 2208 1208 2273 conuersiouem

82 2309 224 2377 melioris
256 2308 341 2373 uitae
373 2327 569 2391 nequaquam
602 2314 669 2375 e’sse
703 2310 895 2385 lentandum,
930 2310 1003 2392 quie
1029 2310 1208 2377 necessitati

82 2411 210 2477 subitae
233 2411 343 2476 mortis
368 2428 451 2475 uana
472 2430 542 2494 spes
562 2411 739 2477 inmaturae
762 2430 823 2478 non
846 2412 1069 2494 praeiudicaret
1086 2414 1207 2493 aetatis,

82 2515 201 2598 quippe
215 2584 220 2589 ,
233 2532 310 2596 quae
342 2534 464 2598 pueros,
500 2515 711 2580 adulescentes
744 2534 780 2581 ac
808 2515 937 2579 iuuenes
964 2517 1032 2600 pari
1057 2518 1094 2581 ut
1121 2534 1208 2581 senes

45 2619 167 2684 sosorte
192 2619 392 2701 praeriperet.

127 2720 238 2785 VIIII.
262 2719 401 2803 Cumque
420 2722 598 2792 huiusmodi
621 2721 887 2788 obsecrationibus
902 2725 1015 2806 iugiter
1029 2724 1205 2806 persistent

81 2825 217 2906 coniunx
252 2823 421 2888 durissima
456 2844 517 2890 non
552 2825 716 2907 praeberet
760 2826 926 2890 adsensum
962 2844 1055 2908 seque
1091 2825 1208 2894 diceret

81 2927 200 2992 solacio
228 2927 370 2992 maritali
399 2944 454 3009 pro
483 2928 596 2992 aetatis
626 2945 700 2992 suae
725 2925 801 2991 flore
821 2927 946 3008 penitus
969 2927 1126 2992 abstinere
1147 2948 1207 2994 non

80 3047 186 3112 posse,
217 3047 253 3094 ae
282 3029 412 3110 proinde
440 3029 468 3092 si
494 3030 568 3112 quid
590 3029 713 3094 desem
734 3028 774 3093 ab
798 3049 834 3094 eo
857 3029 998 3095 criminis
1021 3031 1206 3116 admisisset,

44 3135 132 3198 soilli
163 3133 268 3216 potius
290 3135 528 3198 adscribendum
550 3134 604 3215 qui
627 3133 763 3216 coniugii
793 3133 920 3199 foedera
942 3135 1145 3218 disrupisset:
1168 3135 1207 3202 ad

78 3237 161 3302 haec
182 3237 246 3314 ille,
271 3255 343 3302 cum
364 3239 418 3303 diu
433 3237 645 3303 condicionem
659 3241 788 3304 naturae
804 3239 1028 3322 praetendisset
1045 3239 1207 3318 humanae,

78 3359 179 3423 quarn
200 3343 346 3427 fragilem
366 3345 399 3407 et
420 3343 572 3408 incertam
601 3344 811 3425 periculosum
833 3346 915 3410 esset
937 3343 1109 3410 cunalibus
1125 3343 1207 3408 desi·

184 3496 217 3549 11
239 3496 273 3550 cl.
289 3495 320 3552 11
337 3495 397 3552 Cor.
415 3497 440 3563 7,
459 3496 494 3550 10

133 3631 218 3685 lsni
241 3634 355 3701 pectoris
378 3649 429 3687 om.
455 3633 529 3689 OKo
631 3621 710 3690 2ιοί
728 3651 778 3690 cca
797 3634 856 3689 BF
954 3635 1129 3704 3adtegisse
1152 3635 1210 3689 BF
1278 3657 1280 3660 ·

76 3717 237 3786 adtingesse
256 3718 292 3773 0¹
394 3720 565 3788 dqoomO
668 3719 822 3774 'ldctlebat
839 3737 890 3778 om.
908 3721 941 3775 K
1039 3722 1122 3776 ctiam
1140 3721 1210 3777 B¹F

78 3803 104 3858 0
208 3805 373 3874 dimplcsse
395 3805 427 3859 F
524 3821 579 3859 non
596 3807 677 3875 longe
694 3806 765 3860 Bm*
863 3806 1006 3861 lideslsre
1027 3807 1069 3862 K¹
1172 3807 1206 3862 sd

76 3904 133 3942 orn.
153 3887 227 3943 OKo
330 3891 363 3944 14
380 3907 515 3946 succesum
533 3891 574 3946 11ι
672 3891 757 3945 simili
776 3893 864 3962 coepit
880 3893 1066 3948 exhortatione
1086 3893 1141 3949 ΘΚ

77 3972 265 4028 loconuaco
290 3976 355 4031 OK:
384 3977 531 4032 sanctitate
553 3977 612 4033 BF
712 3979 745 4031 16
767 3977 909 4032 admonere
928 3979 1002 4033 OKo
1106 3980 1137 4034 17
1161 3993 1206 4032 ne·
1266 4005 1269 4014 .
1369 3993 1373 4004 ·

77 4058 208 4113 cessitate
225 4058 304 4116 BFO
407 4065 551 4132 repostos
568 4063 637 4117 BF:
666 4063 786 4118 inientes
804 4079 898 4133 pueros
919 4064 993 4120 OKo
1094 4065 1205 4120 adulisc.

75 4144 106 4198 Β
193 4161 225 4198 ac
241 4146 352 4211 iuuenes
370 4163 421 4202 osu.
442 4149 514 4203 OKo
599 4149 641 4217 ut]
659 4153 688 4202 et
705 4148 776 4204 B¹F
858 4165 935 4204 senor
955 4151 977 4206 0
1068 4151 1102 4204 20
1120 4153 1205 4204 morte

74 4231 138 4286 BF
215 4233 379 4301 praeciperet
390 4235 460 4288 ΒΨ
541 4235 574 4288 21
587 4234 673 4290 VIIII
686 4252 737 4291 osa.
751 4236 778 4290 B
859 4235 979 4304 Quinque
993 4237 1015 4292 0
1100 4237 1134 4290 22
1146 4253 1205 4291 con·

73 4318 125 4370 iux
142 4317 275 4371 ΒἿιὊΚι
377 4320 412 4374 24
429 4320 597 4374 admississet
613 4319 655 4376 Γ*
757 4321 791 4376 26
810 4337 891 4390 quum
912 4321 934 4375 0
1036 4321 1135 4374 condit.
1152 4321 1206 4378 ΒΟ

75 4402 111 4455 Κ
209 4402 242 4456 27
261 4419 317 4457 ease
335 4405 400 4460 13²0
943 4442 945 4452 .
