3009 5200
291 391 337 458 64
687 386 852 443 iohannis
869 384 1027 442 Cassiani

291 599 330 646 ao
350 578 496 663 puritatis
520 579 700 644 cumomni
724 578 869 661 scrupulo
891 576 1048 644 custodire
1062 576 1211 644 dehemus
1225 579 1259 642 et
1271 577 1421 644 humani-

278 685 392 749 tatem
421 686 516 765 atque
538 679 790 749 adhortationem
822 678 1061 747 aduenientibus
1091 679 1241 748 iratribus
1273 679 1419 748 winus

293 781 422 850 obtentu
443 781 591 848 similitor
612 781 766 865 exhihere,
788 781 861 866 quis
886 781 965 848 setis
985 779 1157 849 absurdum
1177 785 1236 860 est,
1259 785 1296 848 ut
1315 782 1419 864 hatti,

291 887 391 953 immo
424 881 547 952 Christo
578 904 720 952 mensam
753 887 883 957 offeram
913 904 977 952 nou
1008 903 1081 952 cnm
1097 903 1143 952 co
1170 883 1276 951 chum
1302 886 1423 966 paritet

262 998 397 1064 asumss
425 992 480 1056 aut
509 987 547 1055 ab
580 991 645 1056 cius
674 989 839 1056 reiectione
873 991 906 1056 te
940 989 1038 1056 facias
1065 988 1212 1055 alienum.
1249 986 1356 1070 itaque
1384 989 1462 1053 ins

293 1092 405 1158 neutra
426 1093 516 1175 perte
542 1090 802 1174 reprehensibiles
822 1091 1027 1169 iuueniemur‚
1050 1089 1079 1156 si
1100 1090 1178 1156 haec
1199 1109 1219 1156 a
1240 1090 1329 1156 nohis
1343 1107 1422 1156 oon·

292 1194 421 1260 suetudo
447 1197 601 1272 uocatur,
631 1196 667 1258 ut
696 1193 773 1260 hora
800 1210 881 1258 noua
907 1192 946 1258 dc
972 1191 1094 1260 duobus
1122 1192 1317 1275 puamatiia
1338 1211 1421 1276 quse

292 1298 381 1364 nobie
427 1298 573 1362 canonica
620 1315 766 1364 mensura
807 1296 876 1361 iure
915 1295 1084 1375 debentur,
1132 1313 1193 1361 uuo
1240 1296 1420 1379 pammatio

292 1400 464 1484 praelibato
486 1400 572 1466 ahud
593 1397 686 1465 huius
709 1399 931 1482 expectationis
959 1399 1063 1482 grstia
1083 1398 1117 1463 in
1139 1417 1302 1481 uesperam
1317 1417 1421 1464 reser-

293 1520 413 1586 uemus,
429 1519 521 1584 quem
535 1502 562 1568 si
577 1502 789 1586 superuenerit
812 1501 967 1585 quispiam
983 1501 1117 1567 hotrum
1131 1520 1203 1568 cum
1216 1502 1285 1584 ipso
1299 1501 1462 1586 pariterue

292 1605 497 1685 insumamus,
530 1602 612 1669 nihil
647 1605 866 1670 consuetudini
898 1605 1010 1670 solitae
1037 1605 1172 1688 amphus
1203 1604 1420 1689 adiuugcntes.

292 1709 324 1770 et
338 1705 396 1771 hec
410 1708 642 1790 dispensatione
652 1724 848 1790 nequequam
858 1724 915 1772 nos
925 1706 1034 1773 imtris
1043 1705 1239 1773 contristabit
1250 1707 1419 1784 aduentus,

292 1808 346 1890 qni
369 1807 458 1874 uobis
481 1809 574 1875 debet
596 1827 663 1874 csse
685 1811 893 1894 gratissimus.
926 1810 1082 1893 siquidem
1098 1808 1188 1888 itaci
1203 1807 1418 1877 exhibebimus

291 1910 499 1978 humanitatis
521 1910 677 1994 obsequia,
699 1914 737 1977 ut
758 1912 838 1978 nihil
852 1932 872 1978 a
885 1914 987 1996 rigore
1002 1912 1212 1978 continentiae
1226 1911 1415 1981 relaxemus.

291 2015 318 2078 si
341 2031 412 2078 nero
434 2014 541 2080 nullus
563 2014 734 2094 obuenerit,
758 2015 840 2080 hunc
861 2032 983 2098 qnoque
1004 2016 1094 2080 uelut
1107 2014 1146 2080 de
1161 2015 1308 2081 canonico
1322 2015 1418 2080 modo
1431 2037 1461 2078 ss

261 2116 431 2185 hichitum
453 2118 542 2183 uobis
563 2116 660 2181 libere
682 2135 929 2199 praesumemus.
967 2133 1029 2199 qna
1048 2117 1201 2201 parcitate
1221 2136 1279 2182 nec
1298 2118 1420 2187 sums-

292 2219 367 2284 chns
383 2237 507 2303 uespere
525 2219 641 2302 poterit
654 2219 829 2302 adgrauari,
848 2218 962 2304 qnippe
977 2218 1054 2286 hora
1067 2236 1148 2286 noua
1163 2238 1224 2285 nno
1238 2219 1420 2304 paximatio

291 2322 355 2388 mm
378 2325 562 2406 praemisso:
598 2322 679 2406 qnod
701 2323 887 2407 plerumque
908 2325 968 2404 his,
996 2323 1050 2405 qui
1071 2322 1293 2390 districtiorem
1316 2323 1420 2390 absti-

292 2426 431 2492 nentiam
458 2444 491 2492 se
518 2428 624 2492 tenere
654 2427 815 2492 credentes
842 2426 944 2494 totam
968 2425 1170 2492 refectionem
1192 2427 1232 2492 ad
1254 2443 1419 2510 uesperam

291 2527 447 2610 differunt,
477 2527 602 2596 euenire
631 2527 800 2594 consueuit
837 2546 911 2594 nam
937 2546 1043 2594 recens
1064 2547 1150 2596 escae
1171 2529 1328 2616 perceptio
1349 2532 1462 2595 tameo

291 2633 324 2697 in
346 2632 533 2717 uespertinis
555 2650 649 2715 qnam
671 2633 706 2697 iu
727 2634 890 2699 nocturnis
905 2633 1097 2700 orationibus
1111 2633 1238 2699 tenuem
1252 2634 1419 2715 leuemque

290 2753 417 2801 sensum
439 2753 499 2803 non
521 2736 599 2801 sinit
620 2734 766 2803 inueniri.
804 2736 937 2822 ideoque
959 2736 1157 2803 commodum
1178 2734 1258 2801 salis
1280 2738 1312 2799 ct
1335 2734 1419 2799 utile

291 2839 366 2904 hora
393 2856 474 2904 nona
502 2838 679 2904 reiectionis
708 2844 833 2923 tempm
861 2839 1019 2906 indultum
1046 2840 1105 2918 est,
1135 2838 1169 2903 in
1192 2856 1251 2921 qno
1274 2835 1419 2902 reficiens

291 2939 458 3007 monachus
491 2958 551 3010 non
580 2942 683 3008 solum
710 2942 745 3007 in
773 2941 935 3009 nocturnis
966 2941 1085 3025 uigiliis
1113 2938 1192 3006 ienis
1223 2958 1260 3006 ac
1286 2957 1418 3015 monus,

291 3061 402 3110 uerum
430 3042 526 3111 ctiam
547 3044 580 3110 in
602 3043 680 3126 ipsis
702 3044 889 3126 uespertinis
912 3042 1178 3109 sollemnitatibus
1202 3042 1322 3127 digesto
1346 3043 1412 3107 iam
1428 3073 1462 3112 es

291 3147 359 3213 cibo
380 3147 556 3212 inuenietur
579 3147 768 3229 aptissimus.

341 3454 354 3505 1
374 3450 496 3521 scrupulo
513 3452 556 3506 1)ι
585 3450 700 3520 scripulo
722 3451 745 3507 0
846 3451 864 3505 2
887 3449 973 3520 adque
995 3449 1037 3505 11ι
1138 3449 1354 3504 cohortationem
1371 3448 1420 3502 D:

261 3627 266 3635 Ι
290 3546 490 3601 adhorationem
510 3547 551 3603 W
578 3547 727 3601 orationem
749 3546 772 3601 0
800 3546 1006 3601 „hortationem
1023 3544 1055 3598 X
1071 3544 1146 3612 coest*-
1158 3543 1251 3598 Iastit.
1266 3543 1297 3610 V,
1309 3545 1349 3598 25

289 3668 308 3721 4
331 3665 427 3736 cybum
449 3666 479 3722 D
580 3668 596 3720 7
620 3666 652 3720 de
673 3682 724 3723 ons.
752 3665 775 3720 0
877 3630 1028 3736 pmmetiis
1050 3664 1102 3721 D':
1131 3663 1285 3735 paximatiis
1304 3662 1419 3718 D‘WO

290 3753 423 3853 parmatih
440 3787 471 3839 Χ
572 3785 769 3843 iideheturO
872 3784 1017 3856 paximatio
1032 3784 1138 3840 D²Wo
1165 3784 1300 3855 permotio
1318 3783 1349 3837 X

290 3879 307 3932 9
324 3879 394 3933 aliut
415 3879 438 3934 0
466 3880 550 3933 alium
571 3880 602 3933 X
705 3882 738 3936 10
760 3881 847 3951 quem]
865 3881 905 3934 cic
921 3878 1071 3935 DWOXo
1173 3879 1207 3932 12
1224 3892 1370 3949 numquam
1387 3878 1421 3931 D

289 3976 361 4018 corr.
460 3964 493 4017 14
510 3964 691 4021 humanitates
708 3965 749 4021 12¹
846 3966 881 4019 16
899 3965 1092 4020 sthomccusO
1188 3964 1219 4018 l'i
1237 3980 1290 4018 nna
1306 3963 1347 4017 D¹

289 4050 435 4119 paximatio
452 4048 564 4105 D'WO
592 4052 726 4119 permotio
744 4052 776 4105 X
870 4051 903 4106 18
920 4050 1039 4106 desbict
1063 4050 1103 4105 W
1193 4050 1226 4105 19
1242 4050 1420 4105 reiectionem

288 4136 319 4189 D
403 4134 752 4191 oodifemnoecdefernno
766 4136 835 4193 ΨΧ
920 4135 1137 4191 11ἱιιιιιιιιίιιι1)ι
1216 4134 1419 4192 hireioocionis

287 4221 319 4276 D
431 4220 467 4275 14
492 4222 521 4275 in
545 4229 607 4291 poet
632 4224 719 4278 solnm
746 4240 799 4278 om.
828 4223 866 4280 W
975 4223 1010 4278 25
1036 4221 1282 4290 sollempuitstibns
1313 4222 1352 4278 W

289 4306 322 4361 26
340 4304 407 4377 cybo
423 4305 454 4360 D
556 4308 758 4364 nhtissimusl)
