3009 5200
239 430 306 495 5oe
635 428 801 483 Iohannis
817 428 977 482 Cassiani

297 618 369 682 llll.
393 618 608 699 interrogatio,
653 618 915 699 quemadmodum
958 637 1032 684 uera
1074 618 1230 700 patientia
1270 620 1370 701 possit

397 720 527 804 adquiri.

285 826 374 890 Xlll.
397 825 577 905 Responsio.

269 928 374 993 Xllll.
398 930 444 993 De
474 929 613 1010 exemplo
642 929 813 1011 patientiae
844 929 1006 994 cuiusdam
1033 929 1197 1012 religiosae
1220 928 1367 993 feminae.

305 1032 372 1096 XV.
396 1031 442 1097 De
465 1033 603 1115 exemplo
625 1034 798 1114 patientiae
829 1032 953 1099 abbatis
974 1032 1111 1098 Painuti.
1389 1062 1405 1101 s

288 1135 373 1199 XVI.
397 1137 443 1200 De
467 1135 655 1217 perfectione
677 1136 860 1217 patientiae.

705 1358 907 1367 -..ῃ-,αι-

286 1578 311 1641 Ι.
336 1578 411 1642 Post
434 1580 632 1659 conspectum
656 1580 748 1660 atque
772 1577 969 1659 conloquium
992 1579 1088 1642 trium
1106 1576 1232 1643 illorum
1247 1596 1366 1655 senum,

244 1697 374 1762 quorum
397 1681 587 1745 conlationes
609 1683 713 1747 sancto
744 1681 841 1747 fratre
868 1684 972 1747 nostro
995 1681 1147 1746 Eucherio
1171 1682 1365 1765 conpellente

244 1787 410 1866 utcumque
443 1784 638 1866 digessimus,
669 1804 740 1849 cum
770 1788 863 1850 etiam
893 1786 1055 1850 ulteriores
1085 1786 1222 1868 Aegypti
1247 1789 1364 1868 partes,

241 1889 276 1952 in
305 1886 418 1970 quibus
450 1888 582 1970 amplior
611 1890 703 1969 atque
732 1888 897 1970 perfectior
925 1890 1102 1953 sanctorum
1124 1906 1269 1952 numerus
1292 1906 1403 1955 con-ro

242 1990 384 2071 sistebat,
417 1992 531 2055 maiore
561 1989 726 2071 flagrantia
749 1990 993 2055 desideraremus
1015 1994 1166 2072 expetere,
1188 1990 1227 2055 ad
1249 1991 1366 2071 uicum,

243 2096 292 2159 cui
324 2112 435 2158 nomen
470 2095 518 2158 est
548 2092 682 2171 Diolccs,
714 2094 769 2157 uni
799 2113 835 2158 ex
865 2098 984 2176 septem
1015 2093 1083 2159 Nili
1111 2094 1248 2159 fluminis
1275 2096 1366 2161 ostiis

243 2198 457 2271 inminentem,
494 2214 555 2261 non
591 2200 658 2261 tam
696 2196 821 2262 itineris
865 2198 1049 2262 necessitate
1085 2210 1178 2279 quam
1214 2198 1365 2263 desiderio

211 2303 420 2370 2sanctcrnm
450 2300 516 2364 illic
544 2302 804 2365 commorantium
831 2302 1024 2384 conpellente
1045 2304 1254 2384 peruenimus.
1293 2320 1365 2366 cum

244 2406 327 2471 enim
350 2404 438 2469 uelut
461 2403 656 2484 cupidissimi
671 2408 858 2471 mercatores
873 2406 1007 2489 plurima
1022 2404 1089 2470 illic
1103 2404 1364 2486 celeberrimaque
1374 2434 1401 2474 rs

244 2508 391 2573 coenobia
420 2507 458 2571 ab
489 2506 624 2588 antiquis
647 2506 842 2572 audissemus
871 2508 1012 2590 patribus
1035 2507 1192 2585 instituta,
1216 2506 1363 2571 continuo

242 2613 332 2694 qussi
361 2611 594 2693 nauigationem
622 2610 835 2692 inquisitionis
868 2611 1005 2676 incertae
1036 2630 1089 2694 spe
1122 2611 1248 2676 maioris
1282 2610 1363 2674 lucri

242 2714 444 2798 persuadente
473 2714 675 2795 suscepimus.
714 2714 767 2779 ubi
797 2732 868 2779 cum
898 2714 1074 2779 diutissime
1106 2713 1293 2778 fluctuantes
1325 2713 1364 2777 ad

242 2819 314 2884 illos
336 2821 490 2884 uirtutum
512 2817 706 2882 sublimitate
733 2819 913 2900 conspicuos
935 2820 1056 2882 montes
1078 2817 1212 2897 undique
1227 2815 1364 2881 emicem

242 2922 348 2987 oculos
369 2923 573 3004 tenderemus,
596 2921 741 2986 abbatem
771 2921 914 3000 Piamun,
944 2924 1083 2986 omnium
1105 2920 1401 2984 anachoretarum„

242 3024 310 3090 illic
339 3025 583 3090 inhabitantium
612 3023 765 3090 seniorem
788 3024 1015 3108 eorundemque
1036 3022 1251 3107 presbyterum
1273 3022 1363 3086 uelut

242 3127 396 3210 quendam
426 3126 682 3192 sublimissimam
715 3129 847 3211 pharum
884 3128 1003 3211 primus
1036 3127 1363 3208 circumspectantium

295 3413 560 3483 lquemammodum
579 3414 609 3467 F
634 3416 765 3483 quomodo
784 3416 811 3471 Β
905 3415 1086 3484 drelagicsse
1104 3414 1175 3470 ΒΚι
1269 3413 1364 3482 bpai-

242 3501 303 3555 nuti
327 3501 381 3554 K¹=
411 3499 529 3569 pafnutii
552 3499 621 3554 ΒΚἼ
653 3499 776 3569 papnutii
801 3501 828 3555 Β
857 3501 1004 3568 painnmtii
1030 3500 1054 3556 0
1163 3503 1180 3555 s
1206 3498 1361 3568 patientiae.

241 3587 365 3656 sequitur
381 3588 412 3640 ies
430 3587 463 3640 K
467 3589 517 3652 (c):
549 3584 636 3639 XVII.
662 3585 701 3638 De
724 3585 843 3639 inuidiae
861 3587 940 3641 malo.
963 3592 1039 3640 extat
1055 3587 1099 3640 bic
1116 3586 1214 3640 titulus
1231 3585 1314 3638 dicre
1330 3585 1362 3637 iss

247 3674 277 3738 0,
300 3671 348 3728 sed
371 3671 467 3728 addito
484 3687 597 3726 numero
615 3671 646 3724 X
650 3670 696 3725 VI
698 3691 707 3736 ,·
733 3677 764 3724 ot
781 3672 812 3725 in
830 3672 878 3725 boc
894 3671 986 3726 codice
1002 3673 1100 3725 titulos
1116 3687 1174 3739 cap.
1194 3673 1229 3724 16
1245 3665 1286 3723 ‘de
1303 3685 1363 3739 per-

243 3760 358 3814 fectione
375 3753 530 3828 patientiae’
552 3758 666 3812 omiseras
685 3763 722 3810 est
738 3773 782 3824 pr.
800 3773 835 3810 m.
853 3763 879 3812 et
896 3759 1042 3826 suppletus
1058 3774 1075 3811 o
1093 3773 1127 3810 m.
1144 3756 1293 3810 recentiore

241 3845 355 3900 Finiuut
372 3844 491 3914 capitula
508 3844 540 3897 Β
567 3843 643 3897 Finit
661 3845 729 3912 epla
758 3842 858 3911 Incipit
876 3843 944 3897 liber
961 3841 1071 3896 octabus
1088 3840 1249 3897 decimusO
1283 3840 1361 3895 Nunc

240 3931 356 3985 conlatio
368 3930 475 3985 abbatis
487 3930 620 3999 piamonis
638 3928 667 3982 Β
694 3927 848 3996 Expliciunt
862 3928 988 3997 capitula
1015 3928 1114 3996 Incipit
1126 3928 1243 3981 conlatio
1254 3927 1362 3982 abbatis

240 4017 349 4086 piamun
362 4015 469 4082 detrib;
482 4015 847 4086 generib3monachorumK
923 4015 1077 4082 'ledqueR
1163 4013 1296 4083 9qum0

241 4103 382 4157 ulteriores
404 4103 468 4158 OR:
497 4102 636 4156 interiores
653 4101 685 4154 Β
710 4101 845 4154 ulterioris
863 4101 915 4154 Kc
935 4100 971 4164 cf.
989 4099 1046 4166 XI,
1061 4091 1122 4164 21
1226 4099 1261 4154 10
1278 4099 1363 4168 adque

240 4187 314 4242 R¹K
406 4189 439 4242 12
456 4187 622 4242 diolchosO
710 4187 799 4240 hostis
816 4187 846 4240 Β
937 4186 970 4240 14
987 4186 1250 4240 commemorantium
1267 4185 1296 4238 F

236 4289 304 4342 qum
335 4276 358 4329 0
461 4275 494 4328 18
520 4274 679 4342 suscipimus
706 4272 742 4326 Βι
847 4272 1008 4326 diuitissime
1034 4271 1073 4326 ΒΙ
1186 4271 1362 4339 sepianum

241 4361 274 4414 K
373 4359 519 4414 anachorit.
541 4359 594 4414 ΒΟ
696 4360 730 4412 22
748 4359 837 4414 farum
859 4359 914 4414 OK
