3009 5200
490 379 649 436 Conlatio
673 381 735 447 ΧΠ,
753 384 830 440 t-l.
1157 390 1221 458 345

100 583 234 632 meam:
265 568 303 632 et
330 568 467 634 eduxit
495 589 553 635 me
584 570 629 636 de
657 573 744 638 lacn
772 575 977 660 miseriae,
1009 582 1047 643 et
1072 579 1116 644 de
1138 581 1221 646 luto

99 671 234 738 lascis.
278 675 315 736 et
351 671 499 738 statuit
534 690 653 756 supra
687 679 839 758 petram
876 680 993 760 pedes
1030 699 1147 748 meos:
1185 689 1223 750 et

100 773 245 841 direxit
267 791 425 858 gressus
446 793 560 841 meos.

140 895 214 962 VII.
235 895 332 961 Multi
354 899 428 962 eunt
450 895 534 961 euim
564 897 766 965 castimoniae
794 899 909 982 gradus
936 903 1047 984 quibus
1070 903 1109 969 ad
1131 903 1222 970 illam

81 999 314 1066 ainaiolsbilem
336 999 548 1066 conscenditur
570 1001 751 1083 puritatem.
784 1019 861 1085 qnos
884 1003 960 1068 licet
978 1023 1036 1070 nec
1050 1008 1223 1090 perspicere

101 1121 157 1168 nec
185 1103 348 1168 enuntiare
378 1104 414 1167 ut
442 1101 573 1185 dignum
603 1105 650 1168 est
678 1101 780 1169 nirtm
804 1108 912 1171 nostra
933 1105 1081 1186 sufficiat,
1103 1113 1221 1193 tamen,

100 1207 172 1290 quia
200 1207 298 1273 series
326 1205 510 1271 narrationis
533 1205 678 1288 exposcit,
710 1207 878 1272 secundum
899 1207 1145 1276 mediocritatem
1169 1231 1222 1277 er-

100 1308 272 1392 perientiae
294 1310 418 1373 nostrae
434 1309 602 1391 utcumque
617 1308 755 1391 prolerre
777 1310 1009 1392 temptabimus,
1031 1316 1222 1380 reseruantes

102 1412 287 1495 perfectiora
319 1409 465 1494 perfectis
497 1427 553 1478 nec
589 1410 835 1494 praeiudicantes
867 1413 916 1478 hie
950 1414 1003 1497 qui
1035 1416 1222 1482 feruentiore

69 1517 201 1582 metudio
230 1517 386 1600 puriorem
416 1513 631 1580 castimoniam
661 1515 856 1598 possidentes
883 1519 998 1600 quanto
1022 1519 1148 1584 maioris
1170 1521 1221 1584 in-

100 1619 237 1686 dnstriae
270 1624 354 1698 sunt,
388 1621 478 1684 tardo
511 1619 605 1683 etiam
639 1618 848 1700 perspicaciae
878 1621 987 1704 nigore
1019 1622 1221 1704 praecellunt.

100 1722 228 1805 proinde
254 1741 306 1788 ser
335 1721 481 1805 gradibus
513 1720 588 1786 licet
619 1720 721 1786 multa
751 1741 770 1786 a
799 1740 833 1786 se
860 1721 998 1788 inuicem
1027 1723 1253 1790 sublimitate2

100 1825 290 1892 distantibus
324 1823 452 1908 fastigia
486 1824 641 1890 cosumus
674 1825 832 1906 praecelsa
867 1827 1061 1909 distinguam
1097 1827 1153 1907 ita,
1187 1831 1224 1894 nt

100 1933 251 2014 quaedam
280 1929 384 1994 media
413 1945 490 2011 quae
519 1927 623 1992 tamm
645 1926 748 1993 multe
770 1929 844 1994 eunt
865 1929 1124 2010 praetermittam,
1147 1950 1222 2013 quo·

70 2053 171 2099 nrum
200 2032 361 2098 subtilitas
390 2031 437 2096 ita
464 2031 616 2095 humanos
646 2029 837 2113 subterfugit
867 2049 986 2111 sensus,
1017 2034 1055 2096 nt
1075 2051 1144 2097 eam
1166 2052 1223 2098 nee

102 2155 187 2201 mens
209 2135 361 2218 inspicere
383 2152 439 2199 nec
461 2132 601 2215 proloqui
623 2133 733 2215 lingua
753 2135 943 2216 praeualeat,
970 2135 1084 2217 quibus
1106 2136 1222 2202 sensim

101 2239 254 2304 cmtitatis
292 2238 387 2321 ipsius
431 2236 580 2319 perfectio
625 2235 789 2301 cotidianis
835 2237 1023 2321 profectibus
1062 2238 1221 2304 adolescit.

102 2342 269 2407 secundum
298 2339 535 2405 similitudinem
565 2356 698 2422 namque
731 2357 893 2424 corporum
919 2342 1120 2421 terrenorum,
1144 2356 1222 2424 quae

101 2446 232 2529 singulis
267 2443 374 2510 diebus
407 2441 631 2507 insensibiliter
660 2443 708 2507 sui
738 2443 869 2525 capiunt
896 2446 1088 2509 incrementa
1116 2448 1149 2510 et
1176 2447 1223 2509 ita

70 2553 175 2617 adum
208 2547 352 2614 nesciunt
384 2545 423 2611 ad
456 2545 627 2629 perlectam
664 2544 808 2611 habitum
844 2546 1066 2628 prouehnntur,
1100 2547 1223 2615 animae

102 2672 219 2738 quoque
241 2653 335 2717 robur
356 2668 392 2715 ac
414 2651 579 2715 maturitas
601 2648 755 2714 castitatis
769 2648 954 2731 adquiritur.
980 2650 1099 2731 primus
1114 2650 1253 2733 itaque3

101 2757 269 2842 padicitiae
312 2755 427 2837 gradus
470 2757 526 2837 est,
576 2772 615 2817 ne
657 2752 794 2836 uigilans
836 2752 1061 2837 inpugnatione
1105 2753 1223 2820 carneli

3 2866 4 2871 ’
102 2860 272 2926 monachus
315 2858 457 2935 elidatur,
501 2854 665 2933 secundus,
710 2873 749 2919 na
785 2873 874 2921 mens
910 2856 997 2921 illiue
1036 2856 1223 2940 uoluptariis

102 2960 341 3049 cogitationibus
369 2960 549 3041 inmoratur,
579 2958 702 3034 tertius,
733 2976 772 3023 ne
795 2957 927 3024 femineo
950 2958 1002 3023 uel
1023 2960 1163 3025 tenuiter
1182 2961 1223 3025 ad

70 3062 380 3148 sconcnpiscentiam
411 3066 575 3127 moueatur
602 3063 738 3141 aspectu,
770 3063 910 3144 quartus,
939 3080 979 3126 ne
1008 3062 1141 3145 uigilans
1172 3062 1223 3127 uel

101 3170 275 3254 simplicem
297 3164 399 3231 aarum
420 3166 555 3247 perierat
576 3166 707 3242 motum,
734 3165 872 3246 quintus,
888 3182 938 3242 ne,
953 3184 1026 3231 oum
1040 3166 1224 3231 memoriam

100 3270 308 3355 generationis
331 3270 485 3335 hnmanae
507 3268 559 3333 uel
581 3268 735 3332 tractatus
766 3268 920 3334 rational
942 3268 1109 3334 necessitas
1131 3268 1223 3333 lecti·

101 3376 166 3440 onis
207 3370 385 3456 ingesserit,
423 3367 648 3436 subtilissimus
688 3373 829 3435 mentm
864 3368 1057 3453 uoluptarice
1092 3370 1223 3436 actionis

100 3478 292 3560 perstringat
325 3475 482 3552 adsensus,
519 3474 572 3539 sed
609 3475 697 3539 uelut
728 3492 806 3558 opus
834 3473 992 3555 quoddam
1024 3473 1154 3557 simplex
1187 3492 1223 3540 sc

12 3708 14 3749 i
150 3715 242 3771 lloto
260 3714 300 3767 11¹
401 3712 501 3768 lisois
518 3713 579 3766 nn
605 3712 704 3768 fecsO
806 3727 885 3782 super
901 3712 932 3764 ll
948 3711 1027 3783 Μ.
1128 3714 1224 3782 tipesi

13 3784 15 3853 i
99 3818 209 3872 gressus
232 3816 303 3855 meos
325 3799 453 3855 additam
476 3805 516 3855 est
537 3802 570 3855 ia
592 3800 633 3851 lla
662 3814 745 3869 usqne
768 3798 813 3853 hic
913 3798 1023 3853 ierim
1046 3800 1110 3851 eunt
1133 3799 1159 3850 P

100 3891 190 3959 bqno
211 3886 315 3942 scilieet
335 3886 417 3940 ΣΠΟ
517 3887 535 3941 8
560 3886 734 3942 tamtauimus
762 3886 791 3937 Σ
893 3884 927 3940 10
952 3884 1064 3939 maiores
1090 3882 1157 3936 11¹0

103 3974 133 4029 la
149 3977 183 4029 nt
199 3988 251 4029 osa.
269 3974 299 4023 Σ
400 3973 432 4027 l'l
450 3972 567 4043 perlecto
585 3971 613 4024 Σ
715 3969 809 4026 cottid.
827 3972 853 4023 i*
952 3970 985 4024 19
1002 3970 1098 4026 insius.
1115 3970 1155 4021 11¹

101 4060 135 4115 ab
149 4058 352 4130 praedabuntur
368 4058 397 4111 Σ
489 4058 523 4113 21
541 4057 620 4113 robor
637 4057 696 4111 nu
781 4057 864 4112 rubor
882 4057 908 4110 0
1000 4056 1110 4111 castitas
1128 4056 1156 4107 Σ

101 4145 349 4215 tinelutinei'
449 4144 703 4200 idnoluntariis‘l'
800 4142 1018 4213 linennecll
1112 4143 1224 4197 iteum

104 4247 129 4283 m
146 4230 302 4285 memoriam
321 4228 350 4281 Σ
444 4230 478 4283 al
496 4228 623 4286 lectiones
640 4228 679 4281 11¹
772 4229 809 4284 28
825 4230 917 4298 suptll.
935 4229 964 4280 Σ
1057 4226 1225 4283 adunasse

105 4318 156 4371 ῬΟ
256 4316 290 4371 29
307 4316 389 4370 uelud
406 4318 432 4369 Τ
