3009 5200
289 417 332 484 56
684 414 850 470 Iohannis
866 414 1023 471 Cassiani

287 602 478 690 prehensum
500 621 536 670 ae
557 605 682 670 rotenis
703 605 771 670 seni
792 605 842 669 sni
863 603 966 669 cordis
987 601 1109 670 amum
1125 604 1246 670 unllam
1259 604 1418 688 responsi·

289 727 381 775 onem
409 709 604 792 percontanti
630 705 758 773 reddero
786 725 913 790 prorsus
939 709 1077 781 auderet,
1106 711 1272 785 renorure,
1297 707 1413 790 inquit,

288 811 329 878 ad
359 810 470 877 cellam
498 811 688 894 tandemque
715 815 747 875 te
776 810 924 892 intellege
945 809 998 874 uel
1019 808 1199 891 ignoratum
1219 811 1414 876 baetenusa

288 909 414 980 diabolo
436 915 488 978 nol
510 913 690 998 despectum
712 931 769 978 noc
782 912 816 977 iu
830 931 937 978 eorum
951 931 1081 977 numero
1095 916 1284 996 reputatum,
1298 913 1415 996 quibus

289 1017 344 1082 illo
366 1015 480 1082 cotidie
501 1015 666 1098 confligere
689 1019 721 1081 ot
736 1015 907 1082 conluctari
921 1015 1111 1098 profectibus
1126 1033 1233 1081 eorum
1243 1033 1284 1080 ac
1297 1013 1413 1080 studiis
1436 1032 1459 1072 s

288 1121 468 1203 instigatur,
490 1120 543 1202 qni
564 1137 663 1184 unum
685 1119 751 1184 eins
774 1118 808 1183 in
828 1122 862 1182 to
883 1117 1037 1183 duonum
1051 1118 1189 1184 menium
1203 1122 1274 1201 pest
1288 1119 1414 1183 tantam

289 1240 441 1288 annornm
464 1221 586 1300 seriem,
609 1239 704 1304 quam
725 1221 757 1287 in
781 1221 840 1286 bac
862 1221 1054 1302 professione
1074 1220 1205 1299 trinioti,
1227 1239 1290 1286 non
1306 1221 1414 1286 boam

288 1340 440 1409 respuere,
463 1325 517 1390 sod
539 1343 578 1390 uo
598 1343 661 1390 uno
683 1323 811 1407 quidem
833 1327 884 1388 dio
905 1323 1030 1389 dillorre
1051 1325 1192 1407 potuisti.
1230 1341 1292 1407 quo
1313 1325 1347 1388 te
1360 1321 1414 1387 id·

287 1429 370 1495 oirco
393 1427 536 1494 dominus
557 1445 667 1510 passus
689 1429 737 1492 est
752 1427 897 1504 oaucnri,
913 1429 951 1492 ut
963 1427 1074 1492 saltim
1087 1427 1123 1492 in
1137 1431 1265 1492 senocto
1277 1427 1413 1492 decores

287 1531 413 1614 eonpati
435 1531 673 1596 infirmitatibus
695 1529 808 1595 alienis
829 1531 862 1594 et
883 1529 1049 1614 fragilitati
1069 1529 1311 1596 condescendere
1324 1529 1456 1594 iuni-no

287 1651 377 1698 orum
398 1633 464 1698 tuis
486 1634 633 1716 exemplis
654 1638 748 1717 atque
770 1633 962 1717 experientia
984 1632 1146 1711 docereris,
1172 1633 1226 1717 qui
1238 1631 1414 1716 mooipiens

285 1735 430 1801 iuuenem
463 1736 660 1802 intestatione
692 1735 849 1802 diabolica
881 1737 1074 1802 laborantem
1105 1755 1170 1802 uon
1197 1735 1290 1800 modo
1322 1734 1412 1800 nulle

286 1838 496 1904 consolatione
511 1837 629 1921 tenuisti,
644 1837 700 1903 sed
715 1839 813 1904 etiam
834 1837 1011 1921 perniciosa
1025 1839 1240 1922 desperatione
1253 1838 1412 1903 deiectum

287 1940 409 2007 inimici
430 1942 576 2007 manibus
597 1941 768 2016 tradidisti,
790 1944 943 2024 quantum
965 1941 999 2006 in
1020 1943 1054 2006 te
1074 1945 1123 2006 est
1136 1943 1300 2008 abeodem
1314 1940 1412 2023 lugu·

235 2050 279 2116 10
286 2043 383 2111 briter
396 2045 615 2110 deuorandum
639 2063 732 2127 quom
747 2045 815 2110 sino
829 2044 924 2110 dubie
937 2062 1135 2127 nequaquam
1150 2049 1218 2110 tom
1232 2044 1458 2109 uehementius

286 2145 434 2212 condictu
461 2145 570 2212 fuisset
598 2147 770 2230 adgressus,
801 2165 861 2230 quo
890 2150 924 2210 to
951 2165 1034 2213 nnnc
1062 2165 1160 2230 neque
1188 2149 1238 2212 eet
1266 2146 1413 2228 adpetere

285 2249 483 2333 dedignatus,
506 2249 567 2314 niel
589 2249 696 2315 futuro
717 2248 871 2331 profectui
893 2247 961 2314 eins
982 2249 1130 2314 innidens
1148 2249 1297 2316 iuimicus
1318 2249 1413 2314 illam

283 2345 447 2432 uirtutem,
481 2371 578 2435 quam
610 2353 724 2420 animis
755 2353 823 2419 eine
849 2353 951 2418 inesse
980 2353 1139 2433 cernebat,
1170 2353 1345 2434 anticipare
1371 2369 1412 2416 ae

284 2463 478 2540 praeuertere
499 2458 565 2522 suis
586 2455 695 2541 ignitis
717 2455 830 2523 loculis
846 2456 1038 2534 festinasset,
1054 2457 1161 2539 procul
1174 2454 1269 2522 dubio
1283 2453 1412 2519 intelle-

283 2577 361 2645 gens
382 2549 553 2636 fortior'em,
576 2559 625 2626 cui
647 2562 737 2626 muta
750 2560 950 2626 uehementia
964 2560 1134 2645 confligere
1146 2577 1257 2642 operae
1271 2557 1459 2643 protinmeo

284 2662 444 2728 iudicauit
481 2660 566 2728 disee
593 2664 699 2745 itaque
727 2664 791 2727 tuis
818 2664 969 2747 exemplis
990 2662 1207 2729 laborantibus
1229 2659 1353 2744 oonpati
1374 2664 1412 2724 et

283 2765 496 2849 periclitantes
523 2784 716 2849 nequequam
748 2765 919 2847 peruiciosa
952 2765 1167 2849 desperatione
1200 2766 1318 2831 terrm
1349 2781 1412 2828 neo

283 2866 461 2933 durissimis
493 2867 687 2933 sermonibus
723 2885 874 2952 asperm,
908 2868 963 2933 sod
994 2868 1100 2951 potius
1119 2868 1197 2933 loni
1232 2867 1412 2949 blandaque

284 2968 492 3036 consolatione
521 2968 656 3051 relicere,
686 2974 718 3035 et
747 2972 919 3037 seeundum
949 2972 1153 3055 praeceptum
1184 2969 1411 3054 sapientissimi

284 3072 457 3138 Salomonis
494 3088 630 3138 eruere
666 3090 727 3138 sos
761 3074 829 3157 qui
861 3075 1061 3140 ducuntur
1094 3074 1140 3141 ad
1172 3078 1337 3140 mortem
1368 3076 1456 3137 etos

284 3172 483 3241 redimere
506 3186 569 3241 eos
591 3176 656 3259 qui
672 3174 991 3242 interficiuntur
1012 3182 1229 3259 ue‘parea‘s,
1247 3176 1412 3257 nostrique

283 3278 448 3344 saluatoris
481 3278 619 3363 exemplo
652 3278 860 3345 harundinem
890 3280 1071 3363 quassatum
1099 3298 1160 3345 nou
1189 3284 1349 3346 conterere
1373 3282 1412 3343 et

386 3482 421 3537 25
437 3480 574 3547 Prona
594 3484 626 3537 11
645 3482 738 3549 (LXX)
841 3484 876 3538 27
892 3484 929 3541 ct.
945 3484 996 3539 tet
1015 3484 1058 3551 12,
1073 3483 1110 3538 ss)

307 3712 309 3720 ¹
335 3646 480 3707 l'rotontis
498 3652 541 3707 eui
559 3653 620 3721 (om.
637 3652 706 3719 oeni)
722 3652 824 3709 torua
839 3652 872 3707 D
951 3652 1022 3707 senis
1039 3652 1087 3708 W*
1170 3650 1340 3709 arebanioO

282 3737 383 3795 nollent
400 3736 442 3815 D¹
528 3736 546 3790 2
562 3736 732 3805 percontanti
749 3735 795 3791 Ψ
821 3738 1005 3806 percunctanti
1021 3732 1053 3791 X
1130 3736 1225 3808 inquid
1242 3734 1340 3792 DWO

282 3824 333 3878 da
352 3820 831 3897 nabulooeteuuaterrae.oa2D
863 3822 872 3831 “
926 3822 1118 3893 subpactum
1141 3822 1171 3879 D
1267 3836 1411 3877 numerum

285 3909 325 3964 W
408 3908 612 3980 deputatnmo
702 3908 849 3964 boettidie
866 3909 896 3963 X
986 3906 1292 3986 ao]rno.1†2lilt.ia
1308 3907 1338 3962 D

281 3994 413 4053 bdilorre
429 3994 459 4049 D
562 3994 742 4049 tlsaltemO
845 3994 876 4049 11
897 3994 983 4063 adque
999 3994 1041 4049 D¹
1072 3997 1077 4005 “
1145 3993 1178 4049 13
1195 3993 1291 4063 disper.
1309 3992 1341 4047 D

284 4080 317 4135 14
333 4078 475 4134 ousion
492 4065 533 4133 n*
630 4079 926 4149 repraesumere
1022 4075 1116 4134 recole
1136 4073 1185 4134 ut
1281 4078 1317 4133 ee
1333 4094 1411 4147 pere·
1489 4148 1495 4157 ι

282 4166 406 4220 elitantos
423 4164 508 4220 D¹W
590 4166 736 4235 pernitiosa
752 4165 828 4223 DW
858 4153 878 4165 '⁸
909 4165 1006 4233 disper.
1023 4163 1055 4218 D
1143 4165 1179 4220 ab
1196 4166 1339 4220 solomonis
1360 4164 1410 4219 W·

282 4250 427 4306 mamonis
444 4248 476 4304 X
575 4250 608 4304 27
626 4251 775 4320 exemplum
795 4252 843 4308 W*
871 4253 875 4265 ‘
945 4248 1102 4305 arundiuem
1123 4251 1188 4306 Wo
1288 4248 1413 4305 eroto-

281 4352 344 4406 gore
361 4336 488 4405 (lriuqere
504 4337 535 4390 ter
551 4352 607 4391 rao.
624 4352 658 4390 ra.
677 4339 707 4401 2)
725 4335 756 4390 D
