3009 5200
267 431 330 496 692
657 429 823 486 Iohannis
840 429 998 486 Cassiani

270 618 420 686 noueritia
454 637 521 684 esse
553 619 741 702 corruptam,
776 637 812 685 ax
843 639 905 702 qua
937 619 988 685 uel
1019 619 1303 704 praesumptionum
1337 622 1389 688 nel

269 723 449 788 cenodoxiae
471 723 575 789 solent
595 721 677 788 uitia
698 722 865 806 pullulare.
901 722 1029 806 proinde
1045 722 1102 790 boc
1115 724 1252 807 primum
1266 727 1389 792 animae

270 826 358 892 uobis
388 828 425 891 ut
454 826 500 893 ita
525 825 656 892 dixerim
677 828 853 892 membrum
874 831 979 892 rectae
999 827 1197 893 discretionis
1218 826 1334 894 iudicio
1356 832 1388 894 et

269 928 456 995 humilitatis
479 931 597 996 uirtute
619 932 790 996 curandum
812 931 869 1007 est,
891 948 953 1012 quo
974 930 1089 998 uitiato
1111 933 1186 998 dum
1208 949 1269 996 non
1284 931 1388 998 solum

269 1035 307 1100 ad
330 1033 529 1117 perfectionis
551 1033 615 1098 iam
637 1032 814 1115 peruenisse
836 1033 975 1116 fastigia,
997 1035 1051 1100 aed
1073 1035 1171 1098 etiam
1184 1037 1293 1101 docere
1308 1033 1387 1099 alios
1410 1061 1424 1101 s

267 1156 357 1220 posse
386 1154 442 1202 uos
472 1136 598 1202 creditis
630 1139 663 1202 et
693 1137 732 1202 ad
763 1136 970 1204 eruditionem
1000 1141 1171 1202 ceterorum
1199 1136 1388 1204 sufficientes

267 1247 359 1324 atque
388 1241 513 1306 idoneos
543 1241 697 1316 iudicatis,
728 1260 783 1324 per
812 1241 980 1308 elationem
1005 1241 1189 1308 cenodoxiae
1212 1240 1273 1305 hac
1294 1259 1389 1322 quam

267 1344 415 1429 patefecit
437 1348 542 1410 uestra
571 1343 718 1410 condomio
751 1346 1027 1427 peruagationum.
1041 1344 1181 1410 uanitate
1207 1345 1386 1428 raptamini.

267 1466 344 1531 quae
367 1451 530 1530 amputare
551 1447 695 1529 deinceps
718 1448 834 1531 absque
860 1446 1047 1514 difficultate
1069 1447 1222 1532 poteritis,
1245 1448 1273 1511 si
1295 1464 1388 1511 uerae

268 1552 463 1618 discretionis
485 1552 521 1617 ut
542 1550 606 1617 dixi
628 1551 807 1617 bumilitate
822 1552 945 1618 fundati
960 1571 1053 1636 quam
1070 1550 1260 1618 laboriosum
1275 1569 1421 1635 quam-1·

267 1674 326 1738 que
359 1653 486 1720 difficile
517 1655 561 1720 sit
593 1655 760 1738 unicuique
792 1659 935 1721 nostrum
968 1655 1090 1720 saluare
1123 1655 1262 1720 animam
1295 1673 1387 1720 suam

267 1760 380 1824 mentis
411 1760 533 1822 uestrae
562 1757 747 1824 contritione
777 1758 916 1836 discatis,
948 1761 980 1823 et
1004 1759 1115 1824 intimo
1138 1758 1239 1824 cordia
1259 1757 1386 1824 adiectu

268 1879 329 1928 non
352 1861 443 1926 modo
465 1860 558 1945 louge
581 1877 635 1926 uos
657 1861 697 1926 ab
720 1859 779 1927 illa
805 1862 933 1927 docendi
949 1861 1200 1944 praesumptione
1215 1862 1386 1940 submotos,

267 1983 376 2030 uerum
399 1965 494 2029 etiam
516 1964 617 2030 adium
639 1981 726 2047 egere
754 1964 887 2030 doctoris
911 1965 1086 2048 agnoscatis
1107 1965 1231 2030 anxilio.

254 2126 256 2130 .
309 2083 413 2152 XVII.
437 2085 591 2152 Adhibete
606 2105 677 2170 ergo
693 2085 766 2152 buin
791 2088 931 2153 membro
952 2087 1004 2152 uel
1018 2086 1102 2170 parti
1115 2087 1238 2152 animae
1253 2090 1419 2167 uestraene

268 2207 361 2272 quam
404 2190 581 2272 specialiter
623 2190 758 2256 diximus
806 2189 1013 2270 numeratam,
1062 2207 1152 2255 uerae
1196 2188 1385 2254 humilitatis

268 2291 449 2358 medellam:
479 2311 558 2374 quae
586 2293 732 2375 quoniam
758 2293 870 2358 ceteris
892 2294 1015 2358 animae
1035 2293 1207 2358 uirtutibus
1228 2292 1264 2356 in
1284 2292 1383 2366 uobis.

267 2397 418 2477 quantum
454 2401 591 2479 apparet,
629 2395 780 2462 infirmior
816 2401 874 2474 eet,
912 2415 1035 2484 neccaro
1070 2400 1120 2462 est
1148 2399 1184 2461 nt
1215 2394 1385 2462 diabolicae

238 2497 461 2567 uintsstaoiom
495 2499 596 2581 prima
627 2498 823 2566 subcumbet.
867 2501 1129 2582 quemadmodum
1165 2497 1383 2581 ingruentibus

268 2603 451 2687 quibusdam
474 2603 606 2683 iniuriis,
631 2622 707 2686 quae
730 2604 781 2669 uel
803 2622 839 2669 ex
861 2603 1020 2669 accedenti
1043 2605 1147 2670 labore
1170 2604 1221 2669 uel
1243 2604 1283 2667 dc
1304 2604 1418 2669 actua

268 2708 462 2791 corruptione
483 2707 665 2790 gignuntur,
688 2706 753 2771 lieri
771 2707 866 2772 stiam
881 2708 915 2773 in
930 2706 1108 2789 corporibus
1133 2708 1279 2773 humanis
1294 2707 1383 2782 solet,

267 2812 304 2876 ut
324 2810 381 2877 illa
404 2830 482 2893 quae
505 2810 621 2876 fumint
642 2810 812 2877 infirmiora
829 2810 954 2877 casibus
975 2810 1044 2877 letis
1066 2812 1168 2893 prima
1190 2811 1384 2875 consentiant

267 2915 359 2995 atque
381 2914 600 2993 succumbant,
623 2932 754 2995 cumque
776 2913 962 2997 peculiarius
975 2913 1010 2978 in
1025 2912 1070 2979 eis
1085 2916 1212 2980 morbus
1226 2910 1383 2989 insederit,

266 3034 358 3081 sanas
388 3034 507 3100 quoque
536 3020 640 3099 partes
669 3016 805 3098 corporis
835 3016 943 3080 eadem
973 3015 1060 3097 peste
1082 3015 1262 3094 tabefaciat,
1284 3015 1332 3080 ita
1353 3018 1384 3079 et

268 3118 406 3185 animam
429 3121 670 3202 uniuscuiusque
693 3121 836 3184 nostrum
861 3118 956 3184 flaute
976 3118 1202 3200 quodammodo
1222 3117 1415 3202 pestilentia

267 3222 368 3289 halitu
391 3222 539 3289 uitiorum
562 3224 620 3289 illa
641 3223 775 3289 maxime
804 3222 945 3305 passiam
968 3240 1089 3289 necesse
1112 3224 1159 3288 est
1181 3222 1382 3306 adtemptari,

266 3327 299 3391 in
321 3345 381 3411 qua
404 3326 539 3391 tenerior
560 3331 653 3408 atque
675 3326 825 3390 infirmior
848 3327 914 3390 eiua
936 3327 1037 3408 portio
1052 3325 1168 3391 ualidis
1184 3326 1306 3391 inimici
1322 3344 1382 3389 non

317 3666 591 3735 lpraeaumptionem
610 3666 651 3721 Κι
749 3666 912 3735 2pollulsre
929 3666 959 3721 F
1053 3666 1249 3735 tmembriapl
1346 3664 1385 3719 di·

265 3752 451 3809 strictionirO
540 3753 633 3808 ddum
644 3753 732 3809 οπο
822 3752 987 3823 iadqueB¹
1063 3753 1196 3816 ‚bancor
1218 3752 1320 3821 caude
1496 3777 1497 3810 r

264 3837 613 3907 8nanitatesaptaminiB
687 3837 833 3907 bqnme
900 3838 1088 3911 dificultatelB
1161 3838 1195 3893 10
1205 3837 1383 3893 dretrrcuoum

269 3924 292 3983 0
394 3925 427 3979 12
450 3924 557 3981 adiectu
574 3924 617 3979 K:
647 3924 820 3979 allecturell.
924 3924 1318 3994 luendo-eosdemiepaaeo
1494 3945 1495 3948 ¹

265 4012 298 4065 17
321 4010 452 4070 medelam
475 4010 548 4081 Pp·
651 4010 684 4065 19
701 4010 857 4066 succumbat
873 4010 931 4066 BF
1027 4016 1091 4082 poet
1108 4012 1157 4065 boc
1173 4011 1337 4067 monae
1353 4013 1383 4065 ia

265 4097 384 4154 BFOZ¹
400 4112 461 4167 cop.
478 4101 514 4153 17
530 4097 627 4167 incipit
729 4097 765 4155 20
781 4097 824 4153 uel
842 4098 1007 4153 ex..labore
1025 4114 1076 4152 our.
1092 4097 1152 4153 BF
1247 4097 1382 4153 menti
1492 4133 1493 4158 r

269 4186 304 4241 0:
333 4184 464 4241 accidenti
480 4184 519 4255 do
620 4184 654 4239 23
675 4185 761 4255 adque
782 4185 820 4238 Βι
922 4185 1095 4242 succumbant
1112 4184 1190 4247 Bru
1270 4200 1383 4255 qumque

267 4271 290 4326 0
383 4270 507 4327 insiderit
524 4272 551 4325 Ζ
645 4270 680 4325 24
697 4287 775 4329 uuae
792 4268 861 4325 BF:
891 4273 1007 4343 reliquas
1028 4272 1095 4341 Οβυ
1187 4274 1215 4326 et
1232 4271 1273 4325 ita
1289 4272 1320 4326 1⁹¹

264 4356 299 4411 26
316 4356 386 4411 alltu
404 4356 525 4413 B¹FOZ
607 4357 684 4411 illam
701 4356 742 4411 K¹
828 4358 961 4413 adtentari
978 4357 1037 4412 BF
1122 4358 1156 4413 lt
1173 4356 1262 4427 adque
1276 4356 1316 4411 B¹
