3009 5200
442 436 603 495 Conistie
624 436 672 505 VI,
689 437 766 493 6-9.
1105 437 1166 509 161

82 630 107 694 ad
122 627 276 711 proiectum
297 626 437 693 melioris
458 630 561 693 statos
583 628 617 693 et
638 627 783 693 cotemae
803 627 892 694 uitae
904 626 980 693 iecit
994 627 1167 695 beatitudis

81 748 129 795 nen
146 729 300 813 pertimm

107 864 190 931 lllll.
221 864 330 950 Neque
360 865 443 933 enim
472 868 623 953 patientia
651 868 708 935 Iob
731 869 908 935 mercedem
937 868 1069 953 diabolo,
1093 870 1166 955 quia

82 988 128 1034 sun
152 968 359 1035 inlustriorem
389 971 454 1035 suis
484 970 746 1055 temptationibus
776 970 924 1053 reddidit,
953 974 1006 1040 sed
1032 972 1082 1038 illi
1104 974 1166 1057 ipsi

68 1074 113 1154 aqui
130 1090 171 1137 eas
191 1072 325 1139 uiriliter
347 1072 477 1157 pertulit
499 1072 680 1157 adquisiuit,
696 1092 753 1140 neo
768 1074 865 1141 ludas
881 1076 1001 1141 aeterni
1017 1075 1164 1160 supplicii

79 1178 227 1243 innmitate
257 1176 434 1255 donabitur,
464 1176 539 1261 quia
567 1176 702 1260 proditio
732 1178 799 1245 eius
824 1176 864 1245 cd
886 1177 1022 1245 salutem
1043 1181 1165 1264 generis

79 1278 175 1359 proiecit
194 1280 332 1345 bomani.
366 1298 429 1345 non
451 1278 534 1346 eninr
549 1284 719 1365 prouentus
735 1281 976 1347 considerandus
992 1287 1038 1347 est
1053 1284 1164 1365 operis,

79 1382 114 1447 sod
130 1382 274 1467 operantis
291 1382 443 1449 adfectus.
466 1387 653 1468 quapropter
668 1382 745 1450 haee
762 1383 855 1450 debet
870 1386 904 1451 in
919 1384 1008 1452 nobis
1023 1385 1166 1453 delinitio

78 1483 234 1551 imobiliter
256 1486 418 1569 custodiri,
442 1486 523 1571 quod
546 1486 627 1553 nulli
649 1486 770 1553 malum
793 1488 833 1553 ab
856 1486 918 1552 alio
933 1488 1031 1571 possit
1045 1488 1164 1569 inferri,

62 1590 117 1653 nnin
134 1588 178 1671 qui
197 1588 278 1656 illud
300 1588 427 1675 ignauia
449 1589 498 1655 sui
514 1588 615 1656 cordis
629 1608 666 1656 ac
685 1589 949 1673 pusillanimitate
963 1590 1164 1669 contraxerit,

78 1691 131 1757 luno
155 1692 279 1758 eandem
310 1693 497 1759 sententiam
520 1694 610 1759 beato
631 1695 772 1777 apostolo
793 1710 855 1758 uno
876 1694 1030 1760 uersiculo
1052 1694 1167 1760 confir·

78 1798 165 1860 nanto:
191 1794 342 1861 scimus
372 1796 506 1861 autem
536 1794 720 1881 quoniam
753 1794 1022 1880 diligentibus
1054 1798 1164 1865 deum

77 1902 170 1963 onnia
202 1901 468 1981 cooperantur
503 1897 549 1965 ad
586 1901 733 1968 bonum.
779 1899 884 1965 dicens
921 1901 1005 1966 enim
1039 1901 1200 1967 omnia?

77 2006 304 2083 cooperantur
327 2002 373 2067 ad
395 2001 541 2069 bonum
562 2002 707 2069 uniuersa
722 2020 784 2069 nou
798 2003 900 2069 solum
914 2021 993 2085 quae
1007 2020 1163 2088 prospera,

61 2122 153 2170 noenum
172 2106 266 2172 stiam
289 2124 369 2189 quae
391 2106 541 2191 putentur
565 2106 697 2174 aduersa
718 2107 835 2190 pariter
850 2106 1079 2191 conprehendit.
1110 2126 1165 2191 per

78 2226 129 2289 que
146 2212 173 2275 et
193 2211 225 2275 in
246 2210 311 2275 alio
334 2209 400 2275 loco
423 2210 508 2275 idem
522 2211 681 2293 apostolus
702 2228 734 2276 se
750 2212 899 2277 transisse
915 2210 1074 2289 describit,
1092 2229 1163 2277 curn

79 2310 138 2375 doit:
165 2330 228 2395 per
261 2330 372 2377 arma
400 2312 591 2379 iustitiae
621 2332 716 2397 quae
742 2332 762 2379 a
784 2312 934 2379 dextris
963 2318 1055 2380 sunt
1085 2317 1164 2381 eta

78 2416 235 2495 sinistris,
265 2415 300 2481 id
331 2416 380 2481 est
400 2434 467 2503 per
495 2416 670 2503 gloriam
692 2418 730 2483 et
749 2416 1072 2503 ignobilitatem,
1095 2436 1165 2500 por

78 2516 242 2586 infamiam
265 2522 305 2586 et
327 2518 468 2585 bonam
491 2519 648 2604 famam,
671 2521 713 2586 ut
741 2521 981 2587 seductores
998 2526 1037 2586 et
1053 2539 1163 2586 uera-

60 2640 129 2702 scos,
147 2626 184 2688 ut
204 2623 351 2691 tristes
373 2642 521 2707 semper
542 2627 672 2691 autem
694 2625 927 2708 gaudentes,
943 2625 986 2690 ut
1001 2627 1164 2708 egentes

78 2723 182 2791 nultos
202 2731 336 2793 antem
357 2726 666 2811 locupletantes,
682 2730 713 2793 et
728 2729 842 2793 cetera.
875 2727 980 2793 omnia
994 2743 1066 2812 ergo
1081 2727 1197 2811 quaet

77 2845 182 2910 prospera
208 2831 399 2912 reputantur
420 2830 453 2894 et
474 2828 600 2895 dextrae
623 2829 770 2896 dicuutur
799 2829 909 2913 partis,
935 2847 1015 2913 quae
1037 2834 1163 2898 sanctus

78 2931 195 3010 apostolus
212 2931 378 3016 gloriaest
393 2931 493 2997 bonae
508 2929 609 2996 famae
624 2931 773 2998 uocabulo
788 2931 976 3016 designauit,
991 2933 1051 3000 illa
1065 2934 1162 3000 etiam

77 3049 128 3111 quae
145 3035 358 3102 existimantur
380 3033 520 3114 aduersa,
536 3052 614 3119 quae
628 3053 683 3119 per
698 3033 933 3120 ignobilitatem
949 3037 981 3101 et
996 3035 1164 3104 infamiam

60 3135 198 3204 rendentes
246 3139 400 3222 expressit
428 3155 565 3222 quaeque
587 3155 606 3202 a
628 3138 764 3204 sinistris
794 3155 860 3204 esse
887 3139 1044 3216 describit,
1069 3139 1163 3206 effici-

77 3243 142 3302 utu
159 3240 221 3306 uiro
242 3241 385 3325 perfecto
408 3259 495 3306 arma
517 3240 668 3317 iustitiae,
685 3241 711 3306 si
726 3242 828 3307 inlata
842 3241 904 3307 sibi
920 3243 1165 3329 magnanimiter

77 3345 267 3424 nsbntauerit,
300 3343 381 3428 quod
409 3343 553 3410 uidelicet
581 3363 637 3429 per
657 3344 734 3410 hoec
759 3346 913 3412 dimicans
936 3349 970 3411 et
990 3345 1062 3412 istis
1085 3347 1163 3429 ipsis

147 3565 174 3618 12
190 3565 264 3620 Rom.
284 3565 311 3630 8,
329 3565 364 3620 28
469 3565 501 3620 17
519 3565 550 3622 11
567 3565 626 3624 Gor.
645 3567 670 3634 6,
688 3567 775 3622 1-10

108 3763 235 3822 idiabolo
258 3767 302 3824 D¹
405 3739 454 3837 qui
472 3767 507 3823 W
535 3767 628 3837 quio
729 3769 746 3824 5
769 3770 858 3840 suppli
879 3769 915 3826 V·
1018 3770 1165 3841 ‘lproilcit

77 3843 139 3904 lito
227 3853 246 3909 8
273 3856 413 3924 operantes
434 3853 476 3908 1)ι
579 3853 643 3923 quia
665 3857 772 3926 propter
794 3857 835 3912 D¹
937 3860 955 3915 9
981 3857 1114 3914 custodiri
1140 3857 1165 3912 V

75 3935 171 3992 madre
186 3940 225 3994 Β*
315 3940 350 3995 10
365 3939 548 3994 contraxerint
562 3939 610 3996 W¹
697 3941 731 3996 13
748 3947 944 4013 quooperantur
964 3944 992 4001 V
1074 3942 1163 3998 dicens

76 4022 261 4080 ·...14t0nnm
278 4041 331 4081 osso.
348 4024 473 4080 D¹WX¹
567 4026 656 4082 omnia
672 4041 723 4084 cor.
739 4028 783 4084 12¹
877 4031 911 4085 14
928 4031 1052 4085 uniuersa
1069 4030 1163 4098 utique

74 4115 107 4156 lto
123 4107 153 4164 W
247 4113 282 4169 16
300 4113 330 4166 in
348 4127 400 4167 om.
415 4110 489 4168 DW
586 4112 712 4175 discribit
728 4115 802 4172 DW
904 4117 935 4170 17
953 4116 988 4171 ud
1005 4114 1105 4170 dextris
1122 4116 1163 4169 D¹

77 4186 108 4240 W¹
179 4198 210 4252 21
227 4200 331 4254 multus
353 4198 388 4254 V¹
478 4197 512 4254 22
529 4201 661 4268 putantur
678 4200 737 4258 Wo
827 4202 990 4259 dextsrnsO
1074 4204 1164 4271 partes

74 4272 132 4332 ΒΨ
218 4285 253 4340 23
276 4285 366 4354 gloria
387 4281 436 4342 VO
536 4287 662 4342 uocabolo
684 4285 725 4340 D¹
828 4288 863 4343 21
884 4291 1048 4344 extimantes
1072 4290 1095 4345 0

75 4357 95 4412 11
108 4363 210 4424 discribit
224 4370 298 4427 DW
399 4369 432 4424 at
451 4370 501 4425 stis
521 4369 554 4426 0¹

109 4463 172 4524 llll.
204 4489 261 4534 cru.
276 4493 296 4534 a.
1026 4479 1058 4533 11
