3009 5200
481 467 638 526 Conlatio
662 469 781 538 exues,
803 472 843 526 13.
1159 475 1221 542 689

102 665 252 740 reuertar,
274 661 387 745 iuquit·
410 663 450 730 ed
473 660 636 730 ciuitatem
657 680 762 730 meam
779 661 932 745 illumque
945 666 1086 747 repetam
1100 663 1219 728 tenum

102 767 218 832 dmum
247 769 420 850 quaestum,
449 783 486 832 er
515 783 575 850 quo
605 765 683 832 mihi
713 766 838 848 expleta
865 765 951 832 omni
981 767 1220 850 corporisque,

102 870 184 954 quod
213 871 251 936 ed
281 869 541 936 sustentationem
570 868 740 935 senectutis
770 872 969 946 excresceret,
991 869 1147 935 cotidiene
1168 887 1220 934 er·

102 975 265 1040 ubereutia
300 971 488 1040 conterebat.
533 975 614 1054 quod
650 973 793 1055 quemuis
829 990 962 1054 paruum
998 972 1158 1038 uideretur
1190 968 1253 1036 etl

79 1083 206 1153 steuue,
227 1095 288 1142 nou
310 1076 498 1144 mediocrem
513 1077 619 1142 tamen
634 1094 790 1142 summam
807 1076 874 1159 iugi
888 1075 1031 1158 pariebat
1045 1077 1220 1159 augmento.

102 1180 314 1264 quaestuosior
336 1179 449 1262 qnippe
471 1178 533 1246 init
555 1180 634 1244 mibi
656 1180 710 1246 illo
731 1197 931 1245 nummorum
953 1198 1046 1262 quam
1069 1180 1130 1245 iste
1147 1179 1221 1244 scli-

102 1288 212 1352 dorum
233 1283 437 1368 imaginarius
459 1289 616 1366 quaestus,
641 1303 677 1348 er
699 1301 759 1366 quo
781 1300 843 1350 nou
864 1284 967 1349 solum
981 1282 1061 1349 nibil
1075 1281 1222 1348 exuberet

102 1388 183 1470 qnod
206 1387 400 1465 rotundetur,
426 1388 480 1454 sed
503 1388 599 1454 etiem
620 1388 674 1452 uir
688 1387 758 1470 ipsa
771 1387 918 1454 cobdiani
933 1386 1037 1453 uictus
1052 1385 1221 1452 neomutus

102 1490 286 1557 sustinetur.
325 1495 355 1556 et
378 1491 493 1558 idcireo
515 1493 629 1558 rectius
651 1492 740 1559 nobis
764 1495 812 1557 est
834 1492 919 1557 huno
936 1489 1113 1556 solitudinis
1128 1489 1221 1554 buius

70 1595 320 1661 romnnissimum
342 1595 480 1662 fructum
501 1595 676 1677 indisrupte
702 1595 838 1678 iugitate
876 1595 983 1676 ecberi,
1005 1612 1097 1676 quem
1118 1592 1222 1658 nullae

102 1700 277 1764 saculares
306 1717 407 1776 ouras,
437 1698 543 1765 nullae
571 1699 748 1766 mundanae
777 1698 989 1780 distentiones,
1019 1697 1108 1762 nulla
1129 1713 1252 1762 conc··

103 1802 213 1868 duxias
235 1819 272 1868 ac
293 1802 441 1868 usmetis
463 1801 592 1868 adrodnt
614 1801 718 1881 elatio,
734 1801 840 1868 nullae
853 1799 1077 1866 solboitndines
1092 1798 1221 1865 diurnae

101 1905 297 1970 necessitatis
315 1905 493 1970 inminuanb
516 1904 671 1982 (melius
695 1907 753 1969 est
776 1904 860 1968 enim
881 1903 1074 1968 modicum
1096 1901 1218 1981 iusto,

103 2027 222 2090 super
252 2009 418 2074 diuitias
448 2011 702 2091 peccatorum
732 2007 912 2090 multas),
941 2025 1034 2090 quam
1064 2006 1219 2072 adiectam

70 2113 190 2182 salumn
211 2111 268 2176 ille
289 2113 415 2190 maiora,
438 2129 515 2194 quae
538 2111 670 2176 etiamsi.
689 2112 779 2194 perta
807 2110 925 2177 tuerint
946 2109 1223 2192 quaestuosissime

102 2215 301 2281 wnueruone
318 2216 499 2294 multorum,
516 2215 701 2281 necessitate
719 2218 826 2280 tamen
839 2216 1015 2281 mundanae
1031 2211 1220 2281 conuersati-

102 2318 171 2384 onis
202 2323 235 2384 et
264 2318 428 2384 cotidianis
457 2316 683 2384 distentionum
712 2317 981 2384 deminutiouibus
1007 2317 1221 2384 absumentur.

102 2421 245 2488 melius
259 2441 391 2506 nemque
407 2426 466 2488 est
479 2424 647 2488 secuudum
658 2421 848 2488 sententiam
859 2419 1030 2488 Salomonis
1044 2417 1251 2504 pugillusb

102 2543 203 2592 unus
233 2544 316 2592 oum
345 2525 481 2609 requie
509 2544 620 2609 quam
650 2524 896 2609 duo-pugilli
919 2543 1004 2588 cum
1026 2524 1159 2589 labore
1182 2528 1222 2590 et

68 2632 428 2716 repraesumptioue
478 2630 659 2713 spiritus.
716 2630 829 2713 quibus
877 2630 1082 2697 inlusionibus
1127 2630 1221 2711 etque

103 2734 275 2817 dispendiis
297 2751 404 2799 omues
427 2732 594 2798 admodum
616 2734 753 2798 infirmos
776 2750 900 2799 necesse
922 2736 970 2797 est
990 2733 1143 2815 inplicari,
1166 2732 1221 2813 qui

103 2855 176 2903 eum
199 2834 295 2903 etiam
317 2837 355 2902 de
377 2855 434 2901 sua
455 2837 556 2903 salute
577 2836 642 2903 sint
670 2835 757 2901 dubii
778 2835 900 2921 ipsique
923 2836 1022 2901 adbuc
1043 2835 1220 2919 magisterio

102 2942 196 3023 etque
230 2938 427 3006 iust'tntione
460 2945 570 3023 egeant
601 2939 714 3021 aliena,
747 2942 787 3005 ed
820 2941 1043 3006 conuerleudos
1076 2938 1154 3004 elios
1183 2956 1221 3003 ac

103 3043 256 3125 regendos
290 3042 452 3109 diabolicis
484 3043 690 3109 inlusionibus
722 3044 922 3127 instigantur,
956 3046 1069 3126 quique
1098 3040 1221 3108 etiamsi

69 3169 94 3210 25
103 3146 260 3229 potuerint
290 3146 368 3213 lucri
397 3146 515 3230 aliquid
541 3166 576 3212 er
598 3146 791 3231 quorundam
814 3148 1010 3214 conuersione
1032 3144 1218 3230 conquirere,

207 3377 239 3431 13
256 3377 301 3431 Ps.
319 3378 360 3441 36,
381 3378 413 3431 16
515 3378 549 3430 18
566 3377 665 3433 Ecaten.
683 3378 709 3445 4,
727 3379 743 3432 6
762 3376 854 3446 (LXX)

155 3590 283 3660 linquid
301 3590 452 3647 BFOK¹Z
554 3590 683 3660 illamque
699 3592 738 3646 B¹
852 3590 1071 3661 3qnod1quod
1173 3590 1222 3643 ed-

103 3678 234 3732 eraceerst
261 3676 349 3748 Od(e)
450 3674 583 3745 cottidd
682 3676 795 3731 bmibi
820 3675 875 3731 luit
900 3676 939 3745 βυ
1037 3674 1220 3731 drocondam

106 3798 188 3868 Ode,
275 3796 410 3868 cottidd
511 3762 689 3853 ornentur
716 3795 739 3851 0
841 3796 872 3851 11
900 3794 1077 3851 melones
1097 3794 1157 3851 BF

103 3882 276 3955 coenodoxiae
295 3882 372 3941 codd.
388 3889 501 3953 muetos·
522 3884 545 3939 O
636 3884 669 3938 13
686 3882 848 3937 iumnuuaut
865 3882 904 3937 11ι
988 3882 1060 3937 euim
1077 3882 1154 3952 estd

105 3970 137 4027 16
163 3970 334 4025 connsmione
358 3986 387 4024 e:
417 3969 617 4025 conuersatione
645 3968 702 4039 Ode
732 3984 783 4023 oea
810 3968 870 4023 BF
965 3969 1113 4024 multorum
1123 4004 1216 4024 ......

103 4072 163 4127 cap.
191 4056 234 4121 16,
257 4058 276 4111 3
302 4054 331 4111 id
356 4058 398 4111 sat
423 4054 556 4111 irascibile
582 4055 680 4111 durem
704 4055 738 4109 isc
763 4053 802 4123 Ζ,
831 4069 890 4111 aesc
913 4054 984 4122 folio
1009 4054 1154 4125 deperddc

104 4143 136 4197 l'l
154 4141 247 4199 cottid.
265 4141 299 4197 Κ
381 4142 573 4197 &munuum
589 4140 648 4197 BF
737 4140 926 4195 deminuto:
951 4140 1154 4197 (111611111νῶ

103 4228 275 4288 mentun
301 4229 382 4287 ΒΕΘ
484 4230 516 4285 16
538 4228 634 4285 molius
657 4227 715 4282 BF
734 4232 762 4283 et
778 4226 838 4282 cod.
854 4226 956 4281 Amici.
986 4226 1082 4280 molior
1106 4226 1180 4281 OKo
1196 4230 1223 4283 4

107 4314 229 4385 Velqata
330 4314 473 4371 salamonis
490 4314 518 4369 Β
619 4314 652 4369 19
675 4328 759 4385 quum
775 4312 818 4367 bis
838 4310 862 4367 0
961 4310 996 4365 20
1011 4311 1100 4381 adque
1115 4312 1156 4366 Βι

103 4401 135 4455 21
154 4396 306 4455 ammodum
325 4400 393 4457 ΒΕ*
492 4400 527 4455 26
544 4401 630 4469 adque
646 4400 686 4455 Β1
787 4398 822 4453 ab
839 4397 1081 4457 conuersationeO

152 4500 233 4560 x111.
267 4518 328 4565 cur.
350 4525 370 4566 s.
1086 4501 1124 4559 44
