<?xml version="1.0" encoding="UTF-8"?>
<!DOCTYPE html PUBLIC "-//W3C//DTD XHTML 1.0 Transitional//EN"
    "http://www.w3.org/TR/xhtml1/DTD/xhtml1-transitional.dtd">
<html xmlns="http://www.w3.org/1999/xhtml" xml:lang="en" lang="en">
 <head>
  <title>
</title>
<meta http-equiv="Content-Type" content="text/html;charset=utf-8" />
  <meta name='ocr-system' content='tesseract 3.04.00' />
  <meta name='ocr-capabilities' content='ocr_page ocr_carea ocr_par ocr_line ocrx_word'/>
</head>
<body>
  <div class='ocr_page' id='page_1' title='image "./corpusscriptoru14wiengoog_0829.png"; bbox 0 0 3009 5200; ppageno 0'>
   <div class='ocr_carea' id='block_1_1' title="bbox 493 445 1252 516">
    <p class='ocr_par' dir='ltr' id='par_1_1' title="bbox 493 445 1252 516">
     <span class='ocr_line' id='line_1_1' title="bbox 493 445 1252 516; baseline 0.008 -15"><span class='ocrx_word' id='word_1_1' title='bbox 493 445 654 501; x_wconf 81' lang='lat' dir='ltr'><strong>Gonlutio</strong></span> <span class='ocrx_word' id='word_1_2' title='bbox 675 445 793 513; x_wconf 82' lang='lat' dir='ltr'>XXIIII,</span> <span class='ocrx_word' id='word_1_3' title='bbox 810 447 886 503; x_wconf 86' lang='grc'>8-9.</span> <span class='ocrx_word' id='word_1_4' title='bbox 1188 447 1252 516; x_wconf 82' lang='grc'><strong>683</strong></span> 
     </span>
    </p>
   </div>
   <div class='ocr_carea' id='block_1_2' title="bbox 90 633 1281 2581">
    <p class='ocr_par' dir='ltr' id='par_1_2' title="bbox 90 633 1281 2581">
     <span class='ocr_line' id='line_1_2' title="bbox 170 633 1251 707; baseline 0.006 -7"><span class='ocrx_word' id='word_1_5' title='bbox 170 633 278 703; x_wconf 88' lang='lat' dir='ltr'><strong>VIIII.</strong></span> <span class='ocrx_word' id='word_1_6' title='bbox 302 636 347 702; x_wconf 85' lang='lat' dir='ltr'><strong>Vt</strong></span> <span class='ocrx_word' id='word_1_7' title='bbox 375 655 448 702; x_wconf 94' lang='lat' dir='ltr'><strong>uero</strong></span> <span class='ocrx_word' id='word_1_8' title='bbox 478 637 517 703; x_wconf 90' lang='lat' dir='ltr'><strong>ad</strong></span> <span class='ocrx_word' id='word_1_9' title='bbox 545 642 665 704; x_wconf 84' lang='lat' dir='ltr'><strong>eertum</strong></span> <span class='ocrx_word' id='word_1_10' title='bbox 695 636 898 702; x_wconf 85' lang='lat' dir='ltr'><strong>distriotionis</strong></span> <span class='ocrx_word' id='word_1_11' title='bbox 925 653 1054 704; x_wconf 88' lang='lat' dir='ltr'><strong>examen</strong></span> <span class='ocrx_word' id='word_1_12' title='bbox 1077 639 1251 707; x_wconf 75' lang='lat' dir='ltr'><strong>nauum</strong></span> 
     </span>
     <span class='ocr_line' id='line_1_3' title="bbox 125 739 1252 825; baseline 0.004 -21"><span class='ocrx_word' id='word_1_13' title='bbox 125 739 243 804; x_wconf 88' lang='lat' dir='ltr'><strong>uirium</strong></span> <span class='ocrx_word' id='word_1_14' title='bbox 282 739 490 822; x_wconf 73' lang='lat' dir='ltr'><strong>quantitatem</strong></span> <span class='ocrx_word' id='word_1_15' title='bbox 531 739 637 806; x_wconf 91' lang='lat' dir='ltr'><strong>metiri</strong></span> <span class='ocrx_word' id='word_1_16' title='bbox 681 757 817 823; x_wconf 84' lang='lat' dir='ltr'><strong>oongrua</strong></span> <span class='ocrx_word' id='word_1_17' title='bbox 859 739 1078 807; x_wconf 70' lang='lat' dir='ltr'><strong>aestimatione</strong></span> <span class='ocrx_word' id='word_1_18' title='bbox 1113 743 1252 825; x_wconf 86' lang='lat' dir='ltr'><strong>possitis,</strong></span> 
     </span>
     <span class='ocr_line' id='line_1_4' title="bbox 125 841 1253 926; baseline 0.004 -20"><span class='ocrx_word' id='word_1_19' title='bbox 125 841 292 908; x_wconf 75' lang='lat' dir='ltr'><strong>cuiusdam</strong></span> <span class='ocrx_word' id='word_1_20' title='bbox 321 845 409 910; x_wconf 86' lang='lat' dir='ltr'><strong>uobis</strong></span> <span class='ocrx_word' id='word_1_21' title='bbox 438 846 530 924; x_wconf 89' lang='lat' dir='ltr'><strong>senis,</strong></span> <span class='ocrx_word' id='word_1_22' title='bbox 560 845 594 908; x_wconf 94' lang='lat' dir='ltr'><strong>id</strong></span> <span class='ocrx_word' id='word_1_23' title='bbox 624 847 671 910; x_wconf 85' lang='lat' dir='ltr'><strong>est</strong></span> <span class='ocrx_word' id='word_1_24' title='bbox 691 843 815 910; x_wconf 87' lang='lat' dir='ltr'><strong>abbatis</strong></span> <span class='ocrx_word' id='word_1_25' title='bbox 835 843 947 926; x_wconf 80' lang='lat' dir='ltr'><strong>Apollo</strong></span> <span class='ocrx_word' id='word_1_26' title='bbox 969 843 1092 910; x_wconf 84' lang='lat' dir='ltr'><strong>foetum</strong></span> <span class='ocrx_word' id='word_1_27' title='bbox 1114 846 1253 911; x_wconf 87' lang='lat' dir='ltr'><strong>breuiter</strong></span> 
     </span>
     <span class='ocr_line' id='line_1_5' title="bbox 125 946 1251 1030; baseline 0.004 -22"><span class='ocrx_word' id='word_1_28' title='bbox 125 946 277 1030; x_wconf 85' lang='lat' dir='ltr'><strong>indioubo,</strong></span> <span class='ocrx_word' id='word_1_29' title='bbox 301 949 345 1027; x_wconf 89' lang='lat' dir='ltr'><strong>ut,</strong></span> <span class='ocrx_word' id='word_1_30' title='bbox 369 948 396 1013; x_wconf 91' lang='lat' dir='ltr'><strong>si</strong></span> <span class='ocrx_word' id='word_1_31' title='bbox 419 967 473 1013; x_wconf 90' lang='lat' dir='ltr'><strong>noa</strong></span> <span class='ocrx_word' id='word_1_32' title='bbox 490 947 640 1014; x_wconf 87' lang='lat' dir='ltr'><strong>intimum</strong></span> <span class='ocrx_word' id='word_1_33' title='bbox 655 947 753 1012; x_wconf 86' lang='lat' dir='ltr'><strong>uestri</strong></span> <span class='ocrx_word' id='word_1_34' title='bbox 769 947 869 1012; x_wconf 89' lang='lat' dir='ltr'><strong>oordls</strong></span> <span class='ocrx_word' id='word_1_35' title='bbox 885 965 1014 1013; x_wconf 81' lang='lat' dir='ltr'><strong>examen</strong></span> <span class='ocrx_word' id='word_1_36' title='bbox 1030 947 1123 1013; x_wconf 89' lang='lat' dir='ltr'><strong>huius</strong></span> <span class='ocrx_word' id='word_1_37' title='bbox 1139 965 1251 1030; x_wconf 87' lang='lat' dir='ltr'><strong>propo·</strong></span> 
     </span>
     <span class='ocr_line' id='line_1_6' title="bbox 103 1047 1252 1133; baseline -0.002 -15"><span class='ocrx_word' id='word_1_38' title='bbox 103 1047 187 1118; x_wconf 83' lang='lat' dir='ltr'><strong>esito</strong></span> <span class='ocrx_word' id='word_1_39' title='bbox 209 1051 303 1132; x_wconf 89' lang='lat' dir='ltr'><strong>atque</strong></span> <span class='ocrx_word' id='word_1_40' title='bbox 324 1051 437 1116; x_wconf 87' lang='lat' dir='ltr'><strong>uirtuti</strong></span> <span class='ocrx_word' id='word_1_41' title='bbox 452 1051 535 1117; x_wconf 88' lang='lat' dir='ltr'><strong>haud</strong></span> <span class='ocrx_word' id='word_1_42' title='bbox 550 1051 711 1117; x_wconf 81' lang='lat' dir='ltr'><strong>inferiores</strong></span> <span class='ocrx_word' id='word_1_43' title='bbox 727 1069 795 1116; x_wconf 89' lang='lat' dir='ltr'><strong>esse</strong></span> <span class='ocrx_word' id='word_1_44' title='bbox 810 1051 974 1128; x_wconf 87' lang='lat' dir='ltr'><strong>oensuerit,</strong></span> <span class='ocrx_word' id='word_1_45' title='bbox 1001 1051 1117 1133; x_wconf 89' lang='lat' dir='ltr'><strong>absque</strong></span> <span class='ocrx_word' id='word_1_46' title='bbox 1132 1051 1252 1116; x_wconf 88' lang='lat' dir='ltr'><strong>iaotnra</strong></span> 
     </span>
     <span class='ocr_line' id='line_1_7' title="bbox 125 1154 1251 1237; baseline 0.003 -21"><span class='ocrx_word' id='word_1_47' title='bbox 125 1154 275 1235; x_wconf 91' lang='lat' dir='ltr'><strong>propositi</strong></span> <span class='ocrx_word' id='word_1_48' title='bbox 297 1155 395 1218; x_wconf 90' lang='lat' dir='ltr'><strong>uestri</strong></span> <span class='ocrx_word' id='word_1_49' title='bbox 417 1154 678 1237; x_wconf 81' lang='lat' dir='ltr'><strong>professionisque</strong></span> <span class='ocrx_word' id='word_1_50' title='bbox 701 1154 840 1236; x_wconf 78' lang='lat' dir='ltr'><strong>periculo</strong></span> <span class='ocrx_word' id='word_1_51' title='bbox 854 1154 976 1237; x_wconf 88' lang='lat' dir='ltr'><strong>patriae</strong></span> <span class='ocrx_word' id='word_1_52' title='bbox 990 1155 1251 1220; x_wconf 72' lang='lat' dir='ltr'><strong>inhabitationem</strong></span> 
     </span>
     <span class='ocr_line' id='line_1_8' title="bbox 125 1255 1249 1339; baseline 0.002 -19"><span class='ocrx_word' id='word_1_53' title='bbox 125 1273 163 1320; x_wconf 86' lang='lat' dir='ltr'><strong>ao</strong></span> <span class='ocrx_word' id='word_1_54' title='bbox 192 1258 359 1338; x_wconf 88' lang='lat' dir='ltr'><strong>parantum</strong></span> <span class='ocrx_word' id='word_1_55' title='bbox 388 1255 540 1322; x_wconf 77' lang='lat' dir='ltr'><strong>uiciniam</strong></span> <span class='ocrx_word' id='word_1_56' title='bbox 569 1257 785 1339; x_wconf 84' lang='lat' dir='ltr'><strong>praesumatis,</strong></span> <span class='ocrx_word' id='word_1_57' title='bbox 818 1258 895 1322; x_wconf 88' lang='lat' dir='ltr'><strong>oerti</strong></span> <span class='ocrx_word' id='word_1_58' title='bbox 918 1259 1000 1338; x_wconf 92' lang='lat' dir='ltr'><strong>quod</strong></span> <span class='ocrx_word' id='word_1_59' title='bbox 1023 1259 1249 1323; x_wconf 77' lang='lat' dir='ltr'><strong>districtionem</strong></span> 
     </span>
     <span class='ocr_line' id='line_1_9' title="bbox 124 1359 1251 1442; baseline 0.002 -20"><span class='ocrx_word' id='word_1_60' title='bbox 124 1359 316 1425; x_wconf 85' lang='lat' dir='ltr'><strong>humilitatis</strong></span> <span class='ocrx_word' id='word_1_61' title='bbox 348 1359 449 1438; x_wconf 88' lang='lat' dir='ltr'><strong>huius,</strong></span> <span class='ocrx_word' id='word_1_62' title='bbox 481 1377 574 1442; x_wconf 88' lang='lat' dir='ltr'><strong>quam</strong></span> <span class='ocrx_word' id='word_1_63' title='bbox 605 1360 693 1425; x_wconf 93' lang='lat' dir='ltr'><strong>uobis</strong></span> <span class='ocrx_word' id='word_1_64' title='bbox 724 1362 757 1425; x_wconf 94' lang='lat' dir='ltr'><strong>in</strong></span> <span class='ocrx_word' id='word_1_65' title='bbox 785 1360 844 1424; x_wconf 88' lang='lat' dir='ltr'><strong>hao</strong></span> <span class='ocrx_word' id='word_1_66' title='bbox 868 1361 1031 1442; x_wconf 89' lang='lat' dir='ltr'><strong>prouinoia</strong></span> <span class='ocrx_word' id='word_1_67' title='bbox 1059 1379 1121 1426; x_wconf 89' lang='lat' dir='ltr'><strong>non</strong></span> <span class='ocrx_word' id='word_1_68' title='bbox 1148 1361 1251 1424; x_wconf 92' lang='lat' dir='ltr'><strong>solum</strong></span> 
     </span>
     <span class='ocr_line' id='line_1_10' title="bbox 125 1463 1249 1547; baseline -0.001 -19"><span class='ocrx_word' id='word_1_69' title='bbox 125 1465 280 1540; x_wconf 83' lang='lat' dir='ltr'><strong>uoluntas,</strong></span> <span class='ocrx_word' id='word_1_70' title='bbox 325 1465 380 1528; x_wconf 91' lang='lat' dir='ltr'><strong>sed</strong></span> <span class='ocrx_word' id='word_1_71' title='bbox 421 1465 515 1528; x_wconf 86' lang='lat' dir='ltr'><strong>etiam</strong></span> <span class='ocrx_word' id='word_1_72' title='bbox 560 1463 730 1528; x_wconf 79' lang='lat' dir='ltr'><strong>necessitas</strong></span> <span class='ocrx_word' id='word_1_73' title='bbox 774 1464 1036 1547; x_wconf 85' lang='lat' dir='ltr'><strong>peregrinationis</strong></span> <span class='ocrx_word' id='word_1_74' title='bbox 1079 1464 1249 1545; x_wconf 85' lang='lat' dir='ltr'><strong>extorquet,</strong></span> 
     </span>
     <span class='ocr_line' id='line_1_11' title="bbox 91 1567 1252 1650; baseline 0 -20"><span class='ocrx_word' id='word_1_75' title='bbox 91 1599 115 1639; x_wconf 74' lang='lat' dir='ltr'><strong>re</strong></span> <span class='ocrx_word' id='word_1_76' title='bbox 125 1567 369 1650; x_wconf 85' lang='lat' dir='ltr'><strong>propinquitatis</strong></span> <span class='ocrx_word' id='word_1_77' title='bbox 406 1567 545 1632; x_wconf 82' lang='lat' dir='ltr'><strong>adiectus</strong></span> <span class='ocrx_word' id='word_1_78' title='bbox 582 1572 637 1632; x_wconf 90' lang='lat' dir='ltr'><strong>aut</strong></span> <span class='ocrx_word' id='word_1_79' title='bbox 674 1569 813 1633; x_wconf 89' lang='lat' dir='ltr'><strong>looorum</strong></span> <span class='ocrx_word' id='word_1_80' title='bbox 853 1567 1019 1633; x_wconf 79' lang='lat' dir='ltr'><strong>oblectatio</strong></span> <span class='ocrx_word' id='word_1_81' title='bbox 1056 1586 1117 1633; x_wconf 92' lang='lat' dir='ltr'><strong>non</strong></span> <span class='ocrx_word' id='word_1_82' title='bbox 1153 1567 1252 1650; x_wconf 87' lang='lat' dir='ltr'><strong>possit</strong></span> 
     </span>
     <span class='ocr_line' id='line_1_12' title="bbox 116 1670 1281 1763; baseline -0.001 -28"><span class='ocrx_word' id='word_1_83' title='bbox 116 1671 279 1763; x_wconf 75' lang='lat' dir='ltr'><strong>sumsere.</strong></span> <span class='ocrx_word' id='word_1_84' title='bbox 331 1670 370 1736; x_wconf 90' lang='lat' dir='ltr'><strong>ad</strong></span> <span class='ocrx_word' id='word_1_85' title='bbox 407 1670 487 1736; x_wconf 87' lang='lat' dir='ltr'><strong>huno</strong></span> <span class='ocrx_word' id='word_1_86' title='bbox 524 1672 624 1755; x_wconf 85' lang='lat' dir='ltr'><strong>igitur</strong></span> <span class='ocrx_word' id='word_1_87' title='bbox 660 1690 752 1754; x_wconf 91' lang='lat' dir='ltr'><strong>quem</strong></span> <span class='ocrx_word' id='word_1_88' title='bbox 789 1672 1000 1754; x_wconf 82' lang='lat' dir='ltr'><strong>praediximus</strong></span> <span class='ocrx_word' id='word_1_89' title='bbox 1035 1691 1143 1739; x_wconf 88' lang='lat' dir='ltr'><strong>senam</strong></span> <span class='ocrx_word' id='word_1_90' title='bbox 1178 1676 1281 1742; x_wconf 78' lang='lat' dir='ltr'><strong>oum2</strong></span> 
     </span>
     <span class='ocr_line' id='line_1_13' title="bbox 124 1763 1251 1858; baseline 0.001 -21"><span class='ocrx_word' id='word_1_91' title='bbox 124 1763 291 1854; x_wconf 66' lang='lat' dir='ltr'><strong>germanus</strong></span> <span class='ocrx_word' id='word_1_92' title='bbox 324 1791 399 1838; x_wconf 90' lang='lat' dir='ltr'><strong>suus</strong></span> <span class='ocrx_word' id='word_1_93' title='bbox 433 1774 623 1856; x_wconf 83' lang='lat' dir='ltr'><strong>intempeste</strong></span> <span class='ocrx_word' id='word_1_94' title='bbox 659 1777 749 1840; x_wconf 88' lang='lat' dir='ltr'><strong>noote</strong></span> <span class='ocrx_word' id='word_1_95' title='bbox 782 1775 929 1857; x_wconf 87' lang='lat' dir='ltr'><strong>uenisset,</strong></span> <span class='ocrx_word' id='word_1_96' title='bbox 962 1774 1122 1858; x_wconf 90' lang='lat' dir='ltr'><strong>inplorans</strong></span> <span class='ocrx_word' id='word_1_97' title='bbox 1147 1776 1184 1839; x_wconf 89' lang='lat' dir='ltr'><strong>ut</strong></span> <span class='ocrx_word' id='word_1_98' title='bbox 1213 1772 1251 1838; x_wconf 90' lang='lat' dir='ltr'><strong>de</strong></span> 
     </span>
     <span class='ocr_line' id='line_1_14' title="bbox 124 1877 1249 1962; baseline 0 -20"><span class='ocrx_word' id='word_1_99' title='bbox 124 1877 315 1942; x_wconf 82' lang='lat' dir='ltr'><strong>monasterio</strong></span> <span class='ocrx_word' id='word_1_100' title='bbox 337 1895 391 1942; x_wconf 92' lang='lat' dir='ltr'><strong>suo</strong></span> <span class='ocrx_word' id='word_1_101' title='bbox 414 1877 570 1960; x_wconf 89' lang='lat' dir='ltr'><strong>paulisper</strong></span> <span class='ocrx_word' id='word_1_102' title='bbox 592 1896 734 1962; x_wconf 79' lang='lat' dir='ltr'><strong>egressus</strong></span> <span class='ocrx_word' id='word_1_103' title='bbox 750 1877 789 1943; x_wconf 93' lang='lat' dir='ltr'><strong>ad</strong></span> <span class='ocrx_word' id='word_1_104' title='bbox 805 1878 1003 1943; x_wconf 89' lang='lat' dir='ltr'><strong>euellendum</strong></span> <span class='ocrx_word' id='word_1_105' title='bbox 1017 1878 1138 1955; x_wconf 90' lang='lat' dir='ltr'><strong>bouem,</strong></span> <span class='ocrx_word' id='word_1_106' title='bbox 1158 1894 1249 1960; x_wconf 86' lang='lat' dir='ltr'><strong>quom</strong></span> 
     </span>
     <span class='ocr_line' id='line_1_15' title="bbox 123 1980 1250 2064; baseline -0.004 -18"><span class='ocrx_word' id='word_1_107' title='bbox 123 1998 218 2046; x_wconf 86' lang='lat' dir='ltr'><strong>oaeno</strong></span> <span class='ocrx_word' id='word_1_108' title='bbox 241 1981 374 2063; x_wconf 89' lang='lat' dir='ltr'><strong>palustri</strong></span> <span class='ocrx_word' id='word_1_109' title='bbox 397 1981 519 2046; x_wconf 89' lang='lat' dir='ltr'><strong>eminus</strong></span> <span class='ocrx_word' id='word_1_110' title='bbox 542 1981 702 2046; x_wconf 88' lang='lat' dir='ltr'><strong>inhaerere</strong></span> <span class='ocrx_word' id='word_1_111' title='bbox 725 1980 873 2046; x_wconf 87' lang='lat' dir='ltr'><strong>flebiliter</strong></span> <span class='ocrx_word' id='word_1_112' title='bbox 894 1983 1091 2064; x_wconf 85' lang='lat' dir='ltr'><strong>querebatur,</strong></span> <span class='ocrx_word' id='word_1_113' title='bbox 1115 1980 1145 2045; x_wconf 91' lang='lat' dir='ltr'><strong>ei</strong></span> <span class='ocrx_word' id='word_1_114' title='bbox 1167 1981 1250 2046; x_wconf 87' lang='lat' dir='ltr'><strong>esset</strong></span> 
     </span>
     <span class='ocr_line' id='line_1_16' title="bbox 90 2082 1249 2167; baseline -0.001 -19"><span class='ocrx_word' id='word_1_115' title='bbox 90 2084 249 2167; x_wconf 57' lang='lat' dir='ltr'><strong>maurilio,</strong></span> <span class='ocrx_word' id='word_1_116' title='bbox 273 2084 345 2166; x_wconf 92' lang='lat' dir='ltr'><strong>quia</strong></span> <span class='ocrx_word' id='word_1_117' title='bbox 366 2102 439 2148; x_wconf 91' lang='lat' dir='ltr'><strong>eum</strong></span> <span class='ocrx_word' id='word_1_118' title='bbox 455 2084 540 2148; x_wconf 89' lang='lat' dir='ltr'><strong>solus</strong></span> <span class='ocrx_word' id='word_1_119' title='bbox 555 2101 751 2166; x_wconf 90' lang='lat' dir='ltr'><strong>nequaquam</strong></span> <span class='ocrx_word' id='word_1_120' title='bbox 773 2086 877 2166; x_wconf 88' lang='lat' dir='ltr'><strong>posset</strong></span> <span class='ocrx_word' id='word_1_121' title='bbox 892 2103 1007 2166; x_wconf 85' lang='lat' dir='ltr'><strong>eruere,</strong></span> <span class='ocrx_word' id='word_1_122' title='bbox 1023 2083 1120 2150; x_wconf 90' lang='lat' dir='ltr'><strong>abbas</strong></span> <span class='ocrx_word' id='word_1_123' title='bbox 1134 2082 1249 2165; x_wconf 81' lang='lat' dir='ltr'><strong>Apollo</strong></span> 
     </span>
     <span class='ocr_line' id='line_1_17' title="bbox 123 2185 1249 2271; baseline 0 -19"><span class='ocrx_word' id='word_1_124' title='bbox 123 2185 324 2271; x_wconf 76' lang='lat' dir='ltr'><strong>pertinaciter</strong></span> <span class='ocrx_word' id='word_1_125' title='bbox 355 2187 543 2252; x_wconf 84' lang='lat' dir='ltr'><strong>obsecranti:</strong></span> <span class='ocrx_word' id='word_1_126' title='bbox 574 2206 637 2262; x_wconf 87' lang='lat' dir='ltr'><strong>our,</strong></span> <span class='ocrx_word' id='word_1_127' title='bbox 669 2189 724 2268; x_wconf 88' lang='lat' dir='ltr'><strong>ait,</strong></span> <span class='ocrx_word' id='word_1_128' title='bbox 759 2188 912 2254; x_wconf 88' lang='lat' dir='ltr'><strong>iuniorem</strong></span> <span class='ocrx_word' id='word_1_129' title='bbox 941 2188 1072 2252; x_wconf 85' lang='lat' dir='ltr'><strong>fratrom</strong></span> <span class='ocrx_word' id='word_1_130' title='bbox 1099 2189 1249 2267; x_wconf 71' lang='lat' dir='ltr'><strong>nossem,</strong></span> 
     </span>
     <span class='ocr_line' id='line_1_18' title="bbox 123 2287 1248 2374; baseline -0.003 -19"><span class='ocrx_word' id='word_1_131' title='bbox 123 2309 218 2373; x_wconf 87' lang='lat' dir='ltr'><strong>quem</strong></span> <span class='ocrx_word' id='word_1_132' title='bbox 238 2289 428 2372; x_wconf 88' lang='lat' dir='ltr'><strong>praeteriens</strong></span> <span class='ocrx_word' id='word_1_133' title='bbox 451 2292 623 2374; x_wconf 88' lang='lat' dir='ltr'><strong>propiorem</strong></span> <span class='ocrx_word' id='word_1_134' title='bbox 646 2309 739 2372; x_wconf 91' lang='lat' dir='ltr'><strong>qnam</strong></span> <span class='ocrx_word' id='word_1_135' title='bbox 763 2310 814 2354; x_wconf 93' lang='lat' dir='ltr'><strong>me</strong></span> <span class='ocrx_word' id='word_1_136' title='bbox 836 2291 998 2372; x_wconf 88' lang='lat' dir='ltr'><strong>habueras,</strong></span> <span class='ocrx_word' id='word_1_137' title='bbox 1022 2308 1086 2355; x_wconf 91' lang='lat' dir='ltr'><strong>non</strong></span> <span class='ocrx_word' id='word_1_138' title='bbox 1107 2287 1248 2374; x_wconf 83' lang='lat' dir='ltr'><strong>rogasti?</strong></span> 
     </span>
     <span class='ocr_line' id='line_1_19' title="bbox 123 2392 1248 2477; baseline -0.001 -19"><span class='ocrx_word' id='word_1_139' title='bbox 123 2411 256 2476; x_wconf 83' lang='lat' dir='ltr'><strong>numque</strong></span> <span class='ocrx_word' id='word_1_140' title='bbox 284 2392 339 2458; x_wconf 88' lang='lat' dir='ltr'><strong>ille</strong></span> <span class='ocrx_word' id='word_1_141' title='bbox 368 2411 440 2458; x_wconf 89' lang='lat' dir='ltr'><strong>eum</strong></span> <span class='ocrx_word' id='word_1_142' title='bbox 468 2395 603 2458; x_wconf 88' lang='lat' dir='ltr'><strong>mortem</strong></span> <span class='ocrx_word' id='word_1_143' title='bbox 631 2394 708 2460; x_wconf 95' lang='lat' dir='ltr'><strong>olim</strong></span> <span class='ocrx_word' id='word_1_144' title='bbox 738 2395 853 2477; x_wconf 88' lang='lat' dir='ltr'><strong>sepulti</strong></span> <span class='ocrx_word' id='word_1_145' title='bbox 873 2395 981 2460; x_wconf 87' lang='lat' dir='ltr'><strong>fratris</strong></span> <span class='ocrx_word' id='word_1_146' title='bbox 1003 2395 1137 2460; x_wconf 90' lang='lat' dir='ltr'><strong>oblitum</strong></span> <span class='ocrx_word' id='word_1_147' title='bbox 1158 2394 1191 2458; x_wconf 88' lang='lat' dir='ltr'><strong>et</strong></span> <span class='ocrx_word' id='word_1_148' title='bbox 1213 2411 1248 2458; x_wconf 89' lang='lat' dir='ltr'><strong>ex</strong></span> 
     </span>
     <span class='ocr_line' id='line_1_20' title="bbox 123 2496 1247 2581; baseline -0.003 -19"><span class='ocrx_word' id='word_1_149' title='bbox 123 2498 223 2562; x_wconf 87' lang='lat' dir='ltr'><strong>nimia</strong></span> <span class='ocrx_word' id='word_1_150' title='bbox 245 2497 456 2562; x_wconf 88' lang='lat' dir='ltr'><strong>eontinentiae</strong></span> <span class='ocrx_word' id='word_1_151' title='bbox 480 2515 516 2562; x_wconf 89' lang='lat' dir='ltr'><strong>ao</strong></span> <span class='ocrx_word' id='word_1_152' title='bbox 531 2498 709 2564; x_wconf 87' lang='lat' dir='ltr'><strong>solitudinis</strong></span> <span class='ocrx_word' id='word_1_153' title='bbox 726 2499 859 2581; x_wconf 84' lang='lat' dir='ltr'><strong>iugitate</strong></span> <span class='ocrx_word' id='word_1_154' title='bbox 875 2499 964 2564; x_wconf 89' lang='lat' dir='ltr'><strong>uelut</strong></span> <span class='ocrx_word' id='word_1_155' title='bbox 979 2501 1118 2581; x_wconf 91' lang='lat' dir='ltr'><strong>inpotem</strong></span> <span class='ocrx_word' id='word_1_156' title='bbox 1132 2496 1247 2562; x_wconf 88' lang='lat' dir='ltr'><strong>mentis</strong></span> 
     </span>
    </p>
   </div>
   <div class='ocr_carea' id='block_1_3' title="bbox 89 2597 1277 2787">
    <p class='ocr_par' dir='ltr' id='par_1_3' title="bbox 89 2597 1277 2787">
     <span class='ocr_line' id='line_1_21' title="bbox 89 2597 1247 2685; baseline -0.008 -14"><span class='ocrx_word' id='word_1_157' title='bbox 89 2600 309 2671; x_wconf 83' lang='lat' dir='ltr'><strong>soexistimaus</strong></span> <span class='ocrx_word' id='word_1_158' title='bbox 333 2602 557 2684; x_wconf 86' lang='lat' dir='ltr'><strong>respondisset:</strong></span> <span class='ocrx_word' id='word_1_159' title='bbox 582 2602 845 2683; x_wconf 86' lang='lat' dir='ltr'><strong>quemadmodum</strong></span> <span class='ocrx_word' id='word_1_160' title='bbox 866 2603 1007 2685; x_wconf 84' lang='lat' dir='ltr'><strong>poteram</strong></span> <span class='ocrx_word' id='word_1_161' title='bbox 1029 2602 1067 2667; x_wconf 90' lang='lat' dir='ltr'><strong>de</strong></span> <span class='ocrx_word' id='word_1_162' title='bbox 1082 2597 1247 2683; x_wconf 88' lang='lat' dir='ltr'><strong>sepulohro</strong></span> 
     </span>
     <span class='ocr_line' id='line_1_22' title="bbox 124 2702 1277 2787; baseline -0.003 -18"><span class='ocrx_word' id='word_1_163' title='bbox 124 2724 197 2769; x_wconf 89' lang='lat' dir='ltr'><strong>oum</strong></span> <span class='ocrx_word' id='word_1_164' title='bbox 218 2705 273 2786; x_wconf 91' lang='lat' dir='ltr'><strong>qui</strong></span> <span class='ocrx_word' id='word_1_165' title='bbox 295 2707 368 2771; x_wconf 86' lang='lat' dir='ltr'><strong>ante</strong></span> <span class='ocrx_word' id='word_1_166' title='bbox 390 2723 486 2769; x_wconf 90' lang='lat' dir='ltr'><strong>annos</strong></span> <span class='ocrx_word' id='word_1_167' title='bbox 509 2705 688 2787; x_wconf 80' lang='lat' dir='ltr'><strong>quindecim</strong></span> <span class='ocrx_word' id='word_1_168' title='bbox 711 2706 791 2771; x_wconf 92' lang='lat' dir='ltr'><strong>obiit</strong></span> <span class='ocrx_word' id='word_1_169' title='bbox 812 2706 983 2771; x_wconf 85' lang='lat' dir='ltr'><strong>inuooare?</strong></span> <span class='ocrx_word' id='word_1_170' title='bbox 1003 2706 1100 2771; x_wconf 86' lang='lat' dir='ltr'><strong>abbas</strong></span> <span class='ocrx_word' id='word_1_171' title='bbox 1115 2702 1277 2785; x_wconf 77' lang='lat' dir='ltr'><strong>Apollo:3</strong></span> 
     </span>
    </p>
   </div>
   <div class='ocr_carea' id='block_1_4' title="bbox 88 2804 1247 3409">
    <p class='ocr_par' dir='ltr' id='par_1_4' title="bbox 88 2804 1247 3409">
     <span class='ocr_line' id='line_1_23' title="bbox 124 2804 1247 2891; baseline -0.004 -19"><span class='ocrx_word' id='word_1_172' title='bbox 124 2808 249 2889; x_wconf 80' lang='lat' dir='ltr'><strong>ignoras</strong></span> <span class='ocrx_word' id='word_1_173' title='bbox 272 2825 353 2890; x_wconf 81' lang='lat' dir='ltr'><strong>ergo,</strong></span> <span class='ocrx_word' id='word_1_174' title='bbox 375 2808 432 2889; x_wconf 85' lang='lat' dir='ltr'><strong>uit,</strong></span> <span class='ocrx_word' id='word_1_175' title='bbox 455 2826 504 2873; x_wconf 90' lang='lat' dir='ltr'><strong>me</strong></span> <span class='ocrx_word' id='word_1_176' title='bbox 534 2827 654 2891; x_wconf 90' lang='lat' dir='ltr'><strong>quoque</strong></span> <span class='ocrx_word' id='word_1_177' title='bbox 681 2811 755 2875; x_wconf 89' lang='lat' dir='ltr'><strong>aute</strong></span> <span class='ocrx_word' id='word_1_178' title='bbox 777 2828 872 2875; x_wconf 88' lang='lat' dir='ltr'><strong>annos</strong></span> <span class='ocrx_word' id='word_1_179' title='bbox 900 2810 1016 2890; x_wconf 83' lang='lat' dir='ltr'><strong>uiginti</strong></span> <span class='ocrx_word' id='word_1_180' title='bbox 1036 2808 1111 2873; x_wconf 89' lang='lat' dir='ltr'><strong>huia</strong></span> <span class='ocrx_word' id='word_1_181' title='bbox 1132 2804 1247 2871; x_wconf 90' lang='lat' dir='ltr'><strong>mundo</strong></span> 
     </span>
     <span class='ocr_line' id='line_1_24' title="bbox 123 2909 1247 2995; baseline -0.002 -21"><span class='ocrx_word' id='word_1_182' title='bbox 123 2929 188 2975; x_wconf 89' lang='lat' dir='ltr'><strong>esse</strong></span> <span class='ocrx_word' id='word_1_183' title='bbox 212 2910 393 2975; x_wconf 83' lang='lat' dir='ltr'><strong>defunctum</strong></span> <span class='ocrx_word' id='word_1_184' title='bbox 417 2912 563 2993; x_wconf 87' lang='lat' dir='ltr'><strong>nullaque</strong></span> <span class='ocrx_word' id='word_1_185' title='bbox 584 2912 647 2977; x_wconf 88' lang='lat' dir='ltr'><strong>iam</strong></span> <span class='ocrx_word' id='word_1_186' title='bbox 680 2931 769 2995; x_wconf 91' lang='lat' dir='ltr'><strong>posse</strong></span> <span class='ocrx_word' id='word_1_187' title='bbox 790 2916 829 2979; x_wconf 89' lang='lat' dir='ltr'><strong>de</strong></span> <span class='ocrx_word' id='word_1_188' title='bbox 850 2912 944 2978; x_wconf 89' lang='lat' dir='ltr'><strong>huius</strong></span> <span class='ocrx_word' id='word_1_189' title='bbox 966 2912 1064 2977; x_wconf 85' lang='lat' dir='ltr'><strong>oollae</strong></span> <span class='ocrx_word' id='word_1_190' title='bbox 1085 2909 1247 2992; x_wconf 80' lang='lat' dir='ltr'><strong>sepulchro</strong></span> 
     </span>
     <span class='ocr_line' id='line_1_25' title="bbox 123 3012 1246 3099; baseline -0.004 -20"><span class='ocrx_word' id='word_1_191' title='bbox 123 3032 203 3097; x_wconf 86' lang='lat' dir='ltr'><strong>quae</strong></span> <span class='ocrx_word' id='word_1_192' title='bbox 241 3013 280 3079; x_wconf 91' lang='lat' dir='ltr'><strong>ad</strong></span> <span class='ocrx_word' id='word_1_193' title='bbox 315 3016 487 3096; x_wconf 89' lang='lat' dir='ltr'><strong>praesentis</strong></span> <span class='ocrx_word' id='word_1_194' title='bbox 525 3018 610 3081; x_wconf 91' lang='lat' dir='ltr'><strong>uitae</strong></span> <span class='ocrx_word' id='word_1_195' title='bbox 646 3017 825 3099; x_wconf 81' lang='lat' dir='ltr'><strong>pertineant</strong></span> <span class='ocrx_word' id='word_1_196' title='bbox 861 3018 979 3081; x_wconf 83' lang='lat' dir='ltr'><strong>statum</strong></span> <span class='ocrx_word' id='word_1_197' title='bbox 1012 3014 1074 3081; x_wconf 90' lang='lat' dir='ltr'><strong>tibi</strong></span> <span class='ocrx_word' id='word_1_198' title='bbox 1107 3012 1246 3079; x_wconf 81' lang='lat' dir='ltr'><strong>conferre</strong></span> 
     </span>
     <span class='ocr_line' id='line_1_26' title="bbox 88 3113 1247 3201; baseline -0.01 -13"><span class='ocrx_word' id='word_1_199' title='bbox 88 3116 265 3188; x_wconf 80' lang='lat' dir='ltr'><strong>resolaoia?</strong></span> <span class='ocrx_word' id='word_1_200' title='bbox 288 3136 380 3201; x_wconf 88' lang='lat' dir='ltr'><strong>quern</strong></span> <span class='ocrx_word' id='word_1_201' title='bbox 402 3118 433 3183; x_wconf 89' lang='lat' dir='ltr'><strong>iu</strong></span> <span class='ocrx_word' id='word_1_202' title='bbox 450 3121 574 3185; x_wconf 87' lang='lat' dir='ltr'><strong>tantum</strong></span> <span class='ocrx_word' id='word_1_203' title='bbox 598 3118 740 3185; x_wconf 85' lang='lat' dir='ltr'><strong>Christus</strong></span> <span class='ocrx_word' id='word_1_204' title='bbox 756 3121 795 3185; x_wconf 91' lang='lat' dir='ltr'><strong>ab</strong></span> <span class='ocrx_word' id='word_1_205' title='bbox 810 3121 985 3185; x_wconf 88' lang='lat' dir='ltr'><strong>intentione</strong></span> <span class='ocrx_word' id='word_1_206' title='bbox 1000 3113 1247 3184; x_wconf 82' lang='lat' dir='ltr'><strong>mortificationis</strong></span> 
     </span>
     <span class='ocr_line' id='line_1_27' title="bbox 123 3222 1245 3304; baseline -0.004 -17"><span class='ocrx_word' id='word_1_207' title='bbox 123 3222 269 3304; x_wconf 82' lang='lat' dir='ltr'><strong>adreptae</strong></span> <span class='ocrx_word' id='word_1_208' title='bbox 306 3222 357 3285; x_wconf 90' lang='lat' dir='ltr'><strong>uel</strong></span> <span class='ocrx_word' id='word_1_209' title='bbox 395 3223 550 3289; x_wconf 83' lang='lat' dir='ltr'><strong>modicum</strong></span> <span class='ocrx_word' id='word_1_210' title='bbox 584 3226 623 3287; x_wconf 92' lang='lat' dir='ltr'><strong>ad</strong></span> <span class='ocrx_word' id='word_1_211' title='bbox 656 3224 879 3289; x_wconf 85' lang='lat' dir='ltr'><strong>extrahendum</strong></span> <span class='ocrx_word' id='word_1_212' title='bbox 916 3224 1028 3288; x_wconf 90' lang='lat' dir='ltr'><strong>bouem</strong></span> <span class='ocrx_word' id='word_1_213' title='bbox 1061 3226 1154 3287; x_wconf 89' lang='lat' dir='ltr'><strong>tuum</strong></span> <span class='ocrx_word' id='word_1_214' title='bbox 1185 3236 1245 3283; x_wconf 91' lang='lat' dir='ltr'><strong>nou</strong></span> 
     </span>
     <span class='ocr_line' id='line_1_28' title="bbox 124 3321 1247 3409; baseline -0.004 -20"><span class='ocrx_word' id='word_1_215' title='bbox 124 3323 245 3407; x_wconf 88' lang='lat' dir='ltr'><strong>patitur</strong></span> <span class='ocrx_word' id='word_1_216' title='bbox 273 3324 415 3401; x_wconf 84' lang='lat' dir='ltr'><strong>relaxari,</strong></span> <span class='ocrx_word' id='word_1_217' title='bbox 445 3329 480 3390; x_wconf 88' lang='lat' dir='ltr'><strong>ut</strong></span> <span class='ocrx_word' id='word_1_218' title='bbox 509 3346 546 3391; x_wconf 90' lang='lat' dir='ltr'><strong>ue</strong></span> <span class='ocrx_word' id='word_1_219' title='bbox 576 3326 752 3393; x_wconf 87' lang='lat' dir='ltr'><strong>breuissimi</strong></span> <span class='ocrx_word' id='word_1_220' title='bbox 781 3326 907 3409; x_wconf 91' lang='lat' dir='ltr'><strong>quidem</strong></span> <span class='ocrx_word' id='word_1_221' title='bbox 937 3326 1088 3391; x_wconf 90' lang='lat' dir='ltr'><strong>momenti</strong></span> <span class='ocrx_word' id='word_1_222' title='bbox 1111 3321 1247 3387; x_wconf 87' lang='lat' dir='ltr'><strong>indutias</strong></span> 
     </span>
    </p>
   </div>
   <div class='ocr_carea' id='block_1_5' title="bbox 121 3680 1246 4012">
    <p class='ocr_par' dir='ltr' id='par_1_5' title="bbox 121 3680 1246 4012">
     <span class='ocr_line' id='line_1_29' title="bbox 176 3680 1246 3754; baseline -0.002 -18"><span class='ocrx_word' id='word_1_223' title='bbox 176 3684 189 3736; x_wconf 99' lang='lat' dir='ltr'><strong>l</strong></span> <span class='ocrx_word' id='word_1_224' title='bbox 210 3698 272 3737; x_wconf 87' lang='lat' dir='ltr'><strong>uero</strong></span> <span class='ocrx_word' id='word_1_225' title='bbox 291 3685 334 3754; x_wconf 85' lang='lat' dir='ltr'><strong>ad]</strong></span> <span class='ocrx_word' id='word_1_226' title='bbox 353 3701 445 3739; x_wconf 87' lang='lat' dir='ltr'><strong>uarum</strong></span> <span class='ocrx_word' id='word_1_227' title='bbox 464 3689 492 3740; x_wconf 91' lang='lat' dir='ltr'><strong>et</strong></span> <span class='ocrx_word' id='word_1_228' title='bbox 509 3685 567 3740; x_wconf 78' lang='lat' dir='ltr'><strong>BF</strong></span> <span class='ocrx_word' id='word_1_229' title='bbox 658 3687 842 3743; x_wconf 83' lang='lat' dir='ltr'><strong>destrictionia</strong></span> <span class='ocrx_word' id='word_1_230' title='bbox 859 3686 966 3741; x_wconf 82' lang='lat' dir='ltr'><strong>B¹F¹0</strong></span> <span class='ocrx_word' id='word_1_231' title='bbox 1059 3684 1076 3737; x_wconf 85' lang='lat'>2</span> <span class='ocrx_word' id='word_1_232' title='bbox 1094 3680 1246 3751; x_wconf 82' lang='lat' dir='ltr'><strong>quantitate</strong></span> 
     </span>
     <span class='ocr_line' id='line_1_30' title="bbox 123 3767 1177 3842; baseline 0 -21"><span class='ocrx_word' id='word_1_233' title='bbox 123 3768 182 3821; x_wconf 84' lang='lat' dir='ltr'><strong>BF</strong></span> <span class='ocrx_word' id='word_1_234' title='bbox 279 3771 296 3825; x_wconf 87' lang='grc'>3</span> <span class='ocrx_word' id='word_1_235' title='bbox 323 3771 429 3839; x_wconf 88' lang='lat' dir='ltr'><strong>appollo</strong></span> <span class='ocrx_word' id='word_1_236' title='bbox 456 3772 483 3825; x_wconf 99' lang='grc' dir='ltr'><strong><em>Β</em></strong></span> <span class='ocrx_word' id='word_1_237' title='bbox 585 3774 603 3827; x_wconf 86' lang='lat' dir='ltr'><strong>b</strong></span> <span class='ocrx_word' id='word_1_238' title='bbox 629 3772 714 3842; x_wconf 87' lang='lat' dir='ltr'><strong>adque</strong></span> <span class='ocrx_word' id='word_1_239' title='bbox 742 3773 782 3827; x_wconf 89' lang='lat' dir='ltr'><strong>B¹</strong></span> <span class='ocrx_word' id='word_1_240' title='bbox 883 3773 933 3826; x_wconf 82' lang='lat' dir='ltr'><strong>ant</strong></span> <span class='ocrx_word' id='word_1_241' title='bbox 958 3770 1013 3825; x_wconf 78' lang='grc' dir='ltr'><strong>ΚΘ</strong></span> <span class='ocrx_word' id='word_1_242' title='bbox 1040 3770 1109 3823; x_wconf 81' lang='lat' dir='ltr'><strong>baut</strong></span> <span class='ocrx_word' id='word_1_243' title='bbox 1135 3767 1177 3821; x_wconf 83' lang='grc' dir='ltr'><strong>ΚΙ</strong></span> 
     </span>
     <span class='ocr_line' id='line_1_31' title="bbox 122 3852 1246 3925; baseline -0.003 -17"><span class='ocrx_word' id='word_1_244' title='bbox 122 3854 139 3908; x_wconf 89' lang='grc'><strong>6</strong></span> <span class='ocrx_word' id='word_1_245' title='bbox 163 3854 293 3923; x_wconf 85' lang='lat' dir='ltr'><strong>propositi</strong></span> <span class='ocrx_word' id='word_1_246' title='bbox 316 3855 358 3910; x_wconf 78' lang='lat' dir='ltr'><strong>Ba</strong></span> <span class='ocrx_word' id='word_1_247' title='bbox 387 3854 522 3925; x_wconf 69' lang='lat' dir='ltr'><strong>proiectus</strong></span> <span class='ocrx_word' id='word_1_248' title='bbox 544 3859 605 3913; x_wconf 79' lang='lat' dir='ltr'><strong>rell.</strong></span> <span class='ocrx_word' id='word_1_249' title='bbox 707 3858 723 3911; x_wconf 77' lang='lat' dir='ltr'><strong>‘l</strong></span> <span class='ocrx_word' id='word_1_250' title='bbox 748 3858 949 3913; x_wconf 81' lang='lat' dir='ltr'><strong>destrictionem</strong></span> <span class='ocrx_word' id='word_1_251' title='bbox 967 3854 1062 3910; x_wconf 80' lang='lat' dir='ltr'><strong>B¹F0</strong></span> <span class='ocrx_word' id='word_1_252' title='bbox 1164 3852 1246 3907; x_wconf 77' lang='lat' dir='ltr'><strong>aar·</strong></span> 
     </span>
     <span class='ocr_line' id='line_1_32' title="bbox 121 3938 1183 4012; baseline -0.004 -16"><span class='ocrx_word' id='word_1_253' title='bbox 121 3942 228 4009; x_wconf 83' lang='lat' dir='ltr'><strong>torquit</strong></span> <span class='ocrx_word' id='word_1_254' title='bbox 254 3942 295 3995; x_wconf 81' lang='lat' dir='ltr'><strong>K&#39;</strong></span> <span class='ocrx_word' id='word_1_255' title='bbox 408 3944 441 3997; x_wconf 81' lang='lat'><strong>14</strong></span> <span class='ocrx_word' id='word_1_256' title='bbox 467 3959 546 3997; x_wconf 87' lang='lat' dir='ltr'><strong>coeno</strong></span> <span class='ocrx_word' id='word_1_257' title='bbox 572 3944 599 3997; x_wconf 92' lang='lat' dir='ltr'><strong><em>B</em></strong></span> <span class='ocrx_word' id='word_1_258' title='bbox 712 3946 745 3999; x_wconf 83' lang='lat'><strong>15</strong></span> <span class='ocrx_word' id='word_1_259' title='bbox 770 3946 857 4012; x_wconf 85' lang='lat' dir='ltr'><strong>possit</strong></span> <span class='ocrx_word' id='word_1_260' title='bbox 881 3942 914 3996; x_wconf 83' lang='lat' dir='ltr'><strong><em>K</em></strong></span> <span class='ocrx_word' id='word_1_261' title='bbox 1020 3939 1126 4011; x_wconf 86' lang='lat' dir='ltr'><strong>appollo</strong></span> <span class='ocrx_word' id='word_1_262' title='bbox 1151 3938 1183 3993; x_wconf 80' lang='lat' dir='ltr'><em>F</em></span> 
     </span>
    </p>
   </div>
   <div class='ocr_carea' id='block_1_6' title="bbox 121 4034 1247 4457">
    <p class='ocr_par' dir='ltr' id='par_1_6' title="bbox 122 4034 1182 4116">
     <span class='ocr_line' id='line_1_33' title="bbox 122 4034 1182 4116; baseline -0.004 -17"><span class='ocrx_word' id='word_1_263' title='bbox 122 4046 156 4099; x_wconf 89' lang='grc'><strong>16</strong></span> <span class='ocrx_word' id='word_1_264' title='bbox 179 4060 247 4113; x_wconf 90' lang='lat' dir='ltr'><strong>quur</strong></span> <span class='ocrx_word' id='word_1_265' title='bbox 269 4044 353 4100; x_wconf 71' lang='grc' dir='ltr'><strong>ΒΕΘ</strong></span> <span class='ocrx_word' id='word_1_266' title='bbox 454 4034 507 4100; x_wconf 75' lang='lat' dir='ltr'><strong>frm</strong></span> <span class='ocrx_word' id='word_1_267' title='bbox 525 4048 554 4116; x_wconf 81' lang='lat' dir='ltr'><strong>(t.</strong></span> <span class='ocrx_word' id='word_1_268' title='bbox 573 4063 595 4101; x_wconf 85' lang='lat' dir='ltr'><strong>e.</strong></span> <span class='ocrx_word' id='word_1_269' title='bbox 612 4046 740 4113; x_wconf 83' lang='lat' dir='ltr'><strong>fratrum)</strong></span> <span class='ocrx_word' id='word_1_270' title='bbox 758 4046 833 4102; x_wconf 73' lang='lat'>13¹0*</span> <span class='ocrx_word' id='word_1_271' title='bbox 937 4045 971 4099; x_wconf 91' lang='lat'><strong>18</strong></span> <span class='ocrx_word' id='word_1_272' title='bbox 990 4043 1038 4098; x_wconf 91' lang='lat' dir='ltr'><strong>ille</strong></span> <span class='ocrx_word' id='word_1_273' title='bbox 1056 4058 1105 4097; x_wconf 79' lang='lat' dir='ltr'><strong>ora.</strong></span> <span class='ocrx_word' id='word_1_274' title='bbox 1123 4040 1182 4096; x_wconf 83' lang='lat' dir='ltr'><strong>BF</strong></span> 
     </span>
    </p>

    <p class='ocr_par' dir='ltr' id='par_1_7' title="bbox 124 4127 1182 4203">
     <span class='ocr_line' id='line_1_34' title="bbox 124 4127 1182 4203; baseline -0.003 -18"><span class='ocrx_word' id='word_1_275' title='bbox 124 4132 157 4185; x_wconf 83' lang='lat' dir='ltr'><strong>la</strong></span> <span class='ocrx_word' id='word_1_276' title='bbox 179 4132 278 4184; x_wconf 87' lang='lat' dir='ltr'><strong>nimiae</strong></span> <span class='ocrx_word' id='word_1_277' title='bbox 301 4130 383 4186; x_wconf 80' lang='lat' dir='ltr'><strong>BFO</strong></span> <span class='ocrx_word' id='word_1_278' title='bbox 485 4133 528 4185; x_wconf 91' lang='lat' dir='ltr'><strong>uel</strong></span> <span class='ocrx_word' id='word_1_279' title='bbox 553 4133 576 4188; x_wconf 98' lang='grc' dir='ltr'><strong><em>Θ</em></strong></span> <span class='ocrx_word' id='word_1_280' title='bbox 678 4135 772 4203; x_wconf 86' lang='lat' dir='ltr'><strong>inpotq</strong></span> <span class='ocrx_word' id='word_1_281' title='bbox 795 4134 822 4187; x_wconf 91' lang='lat' dir='ltr'>B</span> <span class='ocrx_word' id='word_1_282' title='bbox 924 4132 960 4185; x_wconf 85' lang='grc'><strong>20</strong></span> <span class='ocrx_word' id='word_1_283' title='bbox 981 4132 1102 4199; x_wconf 85' lang='lat' dir='ltr'><strong>sepnloro</strong></span> <span class='ocrx_word' id='word_1_284' title='bbox 1126 4127 1182 4183; x_wconf 96' lang='grc' dir='ltr'><strong>ΘΚ</strong></span> 
     </span>
    </p>

    <p class='ocr_par' dir='ltr' id='par_1_8' title="bbox 121 4214 1247 4457">
     <span class='ocr_line' id='line_1_35' title="bbox 121 4214 1246 4287; baseline 0.002 -18"><span class='ocrx_word' id='word_1_285' title='bbox 121 4214 153 4273; x_wconf 84' lang='grc'><strong>21</strong></span> <span class='ocrx_word' id='word_1_286' title='bbox 178 4217 283 4285; x_wconf 86' lang='lat' dir='ltr'><strong>appollo</strong></span> <span class='ocrx_word' id='word_1_287' title='bbox 306 4216 333 4269; x_wconf 91' lang='grc' dir='ltr'><strong><em>Β</em></strong></span> <span class='ocrx_word' id='word_1_288' title='bbox 436 4218 470 4271; x_wconf 89' lang='grc'><strong>22</strong></span> <span class='ocrx_word' id='word_1_289' title='bbox 492 4221 555 4273; x_wconf 85' lang='lat' dir='ltr'><strong>aute</strong></span> <span class='ocrx_word' id='word_1_290' title='bbox 576 4236 626 4273; x_wconf 76' lang='lat' dir='ltr'><strong>om.</strong></span> <span class='ocrx_word' id='word_1_291' title='bbox 650 4219 677 4273; x_wconf 92' lang='grc' dir='ltr'><strong><em>Β</em></strong></span> <span class='ocrx_word' id='word_1_292' title='bbox 781 4219 816 4273; x_wconf 84' lang='grc'><strong>23</strong></span> <span class='ocrx_word' id='word_1_293' title='bbox 832 4220 899 4287; x_wconf 86' lang='lat' dir='ltr'><strong>essa]</strong></span> <span class='ocrx_word' id='word_1_294' title='bbox 918 4218 1000 4271; x_wconf 84' lang='lat' dir='ltr'><strong>laissa</strong></span> <span class='ocrx_word' id='word_1_295' title='bbox 1017 4214 1070 4271; x_wconf 87' lang='lat' dir='ltr'><strong>Ko</strong></span> <span class='ocrx_word' id='word_1_296' title='bbox 1172 4226 1246 4281; x_wconf 65' lang='lat' dir='ltr'><strong>pom</strong></span> 
     </span>
     <span class='ocr_line' id='line_1_36' title="bbox 122 4294 1247 4373; baseline -0.002 -18"><span class='ocrx_word' id='word_1_297' title='bbox 122 4301 165 4370; x_wconf 85' lang='lat' dir='ltr'><strong>da]</strong></span> <span class='ocrx_word' id='word_1_298' title='bbox 190 4302 322 4371; x_wconf 88' lang='lat' dir='ltr'><strong>possidere</strong></span> <span class='ocrx_word' id='word_1_299' title='bbox 345 4302 386 4356; x_wconf 86' lang='grc' dir='ltr'><strong>Κι</strong></span> <span class='ocrx_word' id='word_1_300' title='bbox 488 4305 609 4373; x_wconf 83' lang='lat' dir='ltr'><strong>sepulcro</strong></span> <span class='ocrx_word' id='word_1_301' title='bbox 628 4304 684 4359; x_wconf 96' lang='grc' dir='ltr'><strong>ΘΚ</strong></span> <span class='ocrx_word' id='word_1_302' title='bbox 782 4305 817 4359; x_wconf 88' lang='grc'><strong>26</strong></span> <span class='ocrx_word' id='word_1_303' title='bbox 834 4306 961 4373; x_wconf 85' lang='lat' dir='ltr'><strong>abreptae</strong></span> <span class='ocrx_word' id='word_1_304' title='bbox 977 4301 1047 4356; x_wconf 68' lang='grc' dir='ltr'><strong>ΒΨ</strong></span> <span class='ocrx_word' id='word_1_305' title='bbox 1072 4302 1191 4369; x_wconf 81' lang='lat' dir='ltr'><strong>arreptae</strong></span> <span class='ocrx_word' id='word_1_306' title='bbox 1208 4294 1247 4348; x_wconf 85' lang='lat' dir='ltr'><strong>B¹</strong></span> 
     </span>
     <span class='ocr_line' id='line_1_37' title="bbox 126 4386 489 4457; baseline -0.003 -15"><span class='ocrx_word' id='word_1_307' title='bbox 126 4386 183 4442; x_wconf 88' lang='grc' dir='ltr'><strong>ΘΚ</strong></span> <span class='ocrx_word' id='word_1_308' title='bbox 283 4388 315 4441; x_wconf 83' lang='grc'><strong>27</strong></span> <span class='ocrx_word' id='word_1_309' title='bbox 334 4388 489 4457; x_wconf 71' lang='grc' dir='ltr'><strong>ἱιιίίυοίαεβ</strong></span> 
     </span>
    </p>
   </div>
   <div class='ocr_carea' id='block_1_7' title="bbox 0 0 1510 5200">
    <p class='ocr_par' dir='ltr' id='par_1_9' title="bbox 0 0 1510 5200">
     <span class='ocr_line' id='line_1_38' title="bbox 0 0 1510 5200; baseline 0 1"><span class='ocrx_word' id='word_1_310' title='bbox 0 0 1510 5200; x_wconf 95' lang='lat' dir='ltr'><strong> </strong></span> 
     </span>
    </p>
   </div>
  </div>
 </body>
</html>
