3009 5200
545 429 709 487 conruere
732 431 815 497 urs.
1198 437 1242 502 23
1271 415 1275 421 '

96 617 222 684 hodie
259 637 409 686 meeum
441 619 524 684 eris
553 617 595 684 in
624 619 818 702 persuiso
850 618 1041 686 uoluerimus
1068 620 1239 700 intendere,

95 721 171 804 quie
204 722 300 788 eliud
329 721 495 788 msnlleete
523 719 680 804 signifieat
709 739 805 804 quem
833 719 999 803 perdurare
1021 722 1053 788 in
1074 722 1240 790 enimetus

97 843 159 890 non
194 825 306 892 solnm
336 823 484 908 pristinos
512 823 700 904 intellectus,
730 823 787 890 sed
815 825 912 890 etism
941 824 1239 893 uicissitudinem

96 946 242 1013 oougroa
265 945 324 1010 pro
348 927 534 994 meritorum
563 931 751 1010 actuumque
773 945 903 994 snorum
924 927 1042 1010 pertrui
1063 929 1239 1012 quelitste?

79 1031 155 1096 eloe
178 1033 272 1096 enim
296 1031 345 1098 illi
369 1049 562 1114 nequequem
584 1031 727 1098 dominus
749 1032 954 1114 promisisset,
976 1030 1084 1098 sleins
1099 1032 1238 1100 euimem

98 1139 205 1200 nosset
241 1141 316 1218 post
345 1135 572 1218 separationem
601 1134 702 1202 uernis
731 1135 784 1200 uel
804 1133 991 1218 priuenelsm
1013 1151 1107 1200 eensn
1129 1136 1181 1200 uel
1203 1134 1238 1200 in

99 1238 240 1304 nihilum
271 1236 496 1304 resoluendum.
541 1255 602 1302 non
632 1237 717 1302 enim
746 1254 817 1302 cero
847 1237 914 1304 eins
943 1237 977 1303 in
1006 1237 1155 1321 persono,
1182 1241 1236 1305 eet

99 1344 210 1408 anima
234 1346 306 1408 eret
328 1342 507 1426 ingressura
528 1359 598 1408 enm
620 1339 752 1408 Christo.
782 1340 922 1407 emente
942 1359 1025 1420 sene,
1051 1342 1147 1406 immo
1169 1338 1268 1406 totoli

99 1446 231 1510 horrore
254 1449 306 1511 est
328 1445 509 1512 detestande
530 1442 717 1528 preulssime
739 1442 966 1510 haeretieorum
984 1443 1042 1508 ille
1062 1443 1237 1527 distinotio,

71 1548 152 1631 oqui
185 1549 270 1612 dum
301 1565 363 1614 non
393 1549 522 1614 eredunt
555 1546 715 1613 Christum
744 1545 884 1630 potuisse
915 1547 1022 1613 eodem
1045 1547 1095 1612 die
1125 1564 1185 1630 quo
1205 1548 1239 1614 in

101 1650 229 1716 inferna
262 1649 425 1717 deseendit
453 1651 549 1715 etiem
578 1648 612 1716 in
641 1650 783 1732 persdleo
811 1648 972 1733 repperiri,
995 1650 1042 1714 its
1062 1649 1238 1736 distingunt

101 1774 214 1820 sinen
248 1754 339 1820 dieo
359 1753 439 1818 tibi
462 1753 592 1829 hodie,
623 1753 656 1818 et
676 1753 858 1835 interpositu
880 1752 1079 1819 distinetione
1101 1753 1239 1820 inferunt

102 1877 257 1925 meeum
289 1856 368 1922 eris
397 1858 438 1921 in
460 1856 657 1940 perediae,
687 1857 724 1922 ut
752 1856 872 1922 soilleet
892 1855 968 1922 heeo
990 1856 1153 1938 promissio
1176 1875 1238 1923 non

103 1963 214 2027 etntim
238 1965 312 2044 poet
335 1959 504 2027 transitum
527 1961 611 2026 uitus
635 1959 726 2026 huius
749 1961 878 2042 inplete,
902 1961 954 2025 sed
969 1960 1040 2041 poet
1054 1961 1239 2026 resurreeti-

74 2065 170 2130 sonis
201 2065 378 2130 aduentum
407 2063 610 2146 intellegatur
640 2061 796 2145 inplenda,
826 2080 889 2128 non
914 2062 1133 2145 intellegentes
1155 2061 1237 2128 illud

103 2169 184 2250 quod
215 2169 293 2232 ente
321 2166 556 2232 resurrectionis
586 2185 661 2232 sues
689 2166 773 2232 diem
803 2167 935 2249 protulit
959 2168 999 2233 erl
1020 2165 1160 2242 Iudaeos.
1184 2169 1238 2250 qui

104 2291 176 2336 eum
204 2275 244 2335 ut
271 2270 482 2352 semetipsos
510 2269 680 2335 eredebant
708 2269 852 2336 humenis
879 2270 1035 2354 augustiis
1065 2273 1096 2336 et
1118 2269 1237 2336 ornari

105 2375 292 2440 infirmitate
314 2374 470 2440 oonolndi:
501 2373 808 2439 nemoascendit
829 2374 870 2438 in
892 2374 1044 2440 oeelum
1067 2373 1147 2439 nisi
1169 2373 1237 2457 qui

105 2480 151 2544 tle
182 2479 297 2542 coelo
320 2477 545 2556 deseendit,
572 2477 690 2542 lilius
714 2476 965 2559 hominisqui
987 2477 1236 2543 eetinoeelo.

75 2583 220 2665 equibus
236 2581 405 2647 manifeste
420 2579 569 2664 probetur
590 2581 711 2647 enimes
733 2580 951 2647 defunctorum
972 2598 1034 2646 non
1056 2582 1158 2648 solum
1171 2574 1267 2649 eniel

105 2687 251 2753 sensibus
281 2703 345 2751 non
374 2685 501 2768 priuati,
531 2684 585 2749 sed
613 2703 650 2750 ne
677 2685 747 2750 ielis
775 2684 901 2767 quidem
930 2683 1102 2762 effeetitne,
1129 2683 1163 2748 iel
1190 2687 1239 2753 eet

106 2791 276 2873 speretque
299 2788 439 2866 tristitie,
462 2787 575 2870 gentio
598 2806 634 2853 ee
654 2791 743 2853 metu
765 2805 876 2864 muers,
898 2791 931 2852 et
950 2805 991 2851 er
1009 2788 1055 2851 eis
1078 2805 1156 2869 quse
1176 2787 1240 2855 sibi

107 2894 138 2957 in
160 2892 218 2958 illo
241 2890 382 2976 generali
404 2890 545 2955 eremius
567 2894 765 2957 reseruuntnr
785 2890 935 2973 qniddsm
949 2908 1002 2957 ees
1024 2890 1089 2956 iem
1102 2889 1239 2973 insipere

108 3000 320 3080 prugustere,
350 3012 407 3060 neo
437 2996 607 3061 seeundum
636 2996 812 3076 opinionem
840 2994 1035 3077 quorundum
1064 2993 1239 3059 infidelium

77 3099 140 3164 sin
167 3098 306 3165 nilrilnm
338 3116 389 3163 eus
421 3097 534 3163 resolui
564 3098 634 3181 post
663 3096 756 3163 huius
787 3096 1039 3163 oommoretionis
1069 3114 1239 3179 exoeeenm,

109 3202 162 3267 sed
194 3200 340 3267 uiueeius
370 3199 537 3267 subsistere
565 3201 679 3283 deique
706 3198 854 3266 leudibus
883 3199 1038 3265 intentius
1064 3198 1238 3265 inheerere.

109 3309 141 3371 et
165 3324 198 3371 ro
221 3322 307 3383 nors,
337 3303 373 3368 ut
393 3304 594 3386 sequestratis
616 3303 774 3387 paulisper
798 3301 988 3369 testimoniis
1009 3302 1269 3386 seripturarumss

110 3411 148 3473 de
166 3407 271 3489 ipsius
292 3408 416 3473 minse
438 3406 551 3472 neture
564 3408 736 3473 seeundum
751 3404 1001 3471 mediocritatem
1013 3423 1122 3471 sensus
1137 3405 1239 3471 nostri

111 3510 218 3593 perois
252 3509 357 3593 eliqua
389 3509 596 3592 disputemus
626 3527 727 3575 nonne
756 3508 842 3573 ultre
871 3508 972 3574 omnis
1005 3508 1141 3591 ineptiae
1175 3526 1238 3574 non

81 3613 215 3678 siloem
237 3612 431 3686 fatuitatem,
455 3612 508 3677 sed
530 3610 685 3677 insoniam
706 3615 755 3677 est
784 3610 835 3677 nel
857 3611 969 3677 leuiter
983 3610 1133 3693 euspioeri
1148 3610 1238 3677 illem

112 3714 333 3799 pretiosorum,
348 3714 483 3783 hominis
504 3716 691 3797 portionem,
706 3717 739 3781 in
755 3732 817 3798 que
832 3714 927 3781 etiem
941 3714 1047 3798 inrogo
1062 3714 1113 3780 tei
1127 3731 1238 3779 seeun-

214 3901 310 3957 1Luu
328 3902 372 3969 23,
390 3901 425 3955 43
529 3902 562 3956 18
579 3900 637 3956 Ioh.
656 3902 682 3967 3,
701 3901 734 3955 13

160 4072 373 4129 theretioorum
391 4071 452 4127 DX
553 4072 584 4127 ll
603 4072 732 4142 psrsdyso
749 4072 780 4127 D
873 4072 1005 4146 repperire
1021 4070 1062 4126 D¹-
1161 4069 1193 4127 12
1211 4074 1241 4126 et

112 4184 163 4223 oer-
179 4169 216 4225 Ψ
300 4168 456 4223 inferuntur
472 4166 502 4221 D
588 4167 622 4221 15
638 4166 703 4223 illut
720 4166 750 4221 D
837 4165 1170 4239 leonumlonum·

113 4267 299 4337 PlutoneW
379 4269 626 4325 reomense
706 4262 851 4325 ἏιοἿ)
932 4268 1170 4338 quorundum

111 4360 502 4418 tloeonrmernoruetionioDW¹
559 4360 807 4417 ltulmtinsDW
863 4360 1170 4430 &lathusim-D
