3009 5200
289 435 331 501 18
676 436 844 492 Iohannis
867 439 1024 496 Cassiani

290 626 497 711 corruptionis
526 625 619 710 positi
650 627 845 709 deputantes,
873 626 907 692 in
937 645 998 709 quo
1024 631 1115 692 amnt
1137 627 1333 711 corruptione
1355 629 1416 693 de-

289 732 389 814 posita
404 729 606 813 permansuri,
633 729 850 813 perueniantea
871 733 911 796 ad
933 729 1024 794 illem
1044 731 1279 814 promissionem
1294 731 1414 797 domini

289 834 453 900 saluatoris
486 853 547 916 qua
580 833 713 900 dicitur:
752 833 861 899 beati
895 833 1036 898 mundo
1064 835 1197 912 corde,
1229 835 1412 916 quoniam

289 941 365 1022 ipsi
388 939 497 1004 deum
523 938 723 1004 ridebunt

330 1060 385 1128 XI.
416 1059 457 1126 Iit
485 1059 559 1143 quid
587 1059 747 1125 miramini
776 1061 804 1124 ui
832 1059 889 1124 illa
917 1057 1019 1124 officia
1039 1058 1181 1140 superius
1203 1061 1411 1142 conprehensa
1437 1086 1452 1125 ,ε

287 1164 473 1246 transibunt,
505 1181 574 1228 oum
607 1169 733 1229 sanctus
763 1163 925 1245 apostolus
956 1161 1051 1228 etiam
1076 1160 1260 1227 sublimiora
1280 1161 1412 1245 spiritus

288 1267 388 1334 sancti
417 1266 604 1332 charismata
633 1264 805 1332 transitura
833 1263 1001 1345 describat,
1027 1265 1126 1330 solam
1146 1283 1223 1331 uero
1245 1267 1409 1330 caritatem

287 1371 429 1455 designet
457 1371 523 1435 sine
552 1369 613 1433 fine
642 1387 821 1434 mansuram
850 1369 948 1448 siue,
976 1367 1130 1452 iuquiens,
1157 1368 1410 1450 prophetiae.

287 1472 603 1539 euucuabuntur:
658 1473 745 1537 siue
800 1472 980 1556 linguae,
1037 1471 1271 1537 ceeaabuutr
1323 1473 1411 1537 siue

287 1567 475 1655 scientia,
496 1576 748 1654 destruetur,
771 1575 1019 1641 detonantem:
1035 1573 1187 1641 caritas
1202 1593 1449 1658 numquamne

255 1681 449 1748 ieroidit
487 1679 592 1746 omnia
614 1695 747 1761 namque
770 1681 850 1745 dona
878 1698 933 1762 pro
955 1697 1015 1743 usu
1037 1695 1074 1744 ao
1099 1678 1285 1743 necessitate
1306 1678 1412 1742 tribu·

286 1788 381 1850 untur
403 1785 441 1850 ad
464 1787 596 1865 tempus,
620 1785 836 1848 consummata
857 1782 1087 1865 dispensatione
1109 1801 1179 1848 mox
1194 1781 1301 1865 procul
1314 1779 1411 1847 dubio

286 1889 466 1966 transitura,
489 1888 603 1952 caritas
624 1904 698 1951 uero
720 1885 807 1952 nullo
830 1885 1044 1968 intercipietur
1058 1888 1206 1968 tempore.
1230 1903 1291 1950 neu
1306 1886 1410 1950 solum

286 1991 370 2057 enim
391 1993 424 2056 in
447 1989 604 2073 praesenti
627 1989 743 2055 mundo
769 1989 892 2056 utiliter
913 1995 1058 2072 operatur
1079 1989 1112 2054 in
1126 1989 1225 2068 nobie,
1240 1989 1296 2053 aed
1311 1991 1409 2053 etiam

285 2097 319 2160 in
333 2095 437 2160 futuro
452 2095 573 2160 sarcina
594 2111 754 2177 corporeae
774 2095 967 2160 necessitatis
989 2094 1110 2160 abiecta
1130 2091 1284 2158 efficacior
1306 2093 1408 2157 multo
1420 2116 1450 2156 ιε

285 2205 379 2281 atque
414 2197 611 2262 excellentior
643 2197 848 2279 permanebit,
878 2197 966 2261 nullo
995 2213 1145 2278 umquam
1178 2197 1408 2278 corrumpenda

284 2299 416 2378 deiectu,
432 2300 488 2365 sed
501 2318 556 2382 per
570 2301 832 2382 incorruptionem
846 2301 1025 2382 perpetuam
1042 2299 1228 2382 dementius
1243 2299 1299 2364 deo
1314 2301 1410 2383 atque

283 2405 434 2469 intentius
456 2403 636 2468 adhaesura.

325 2523 398 2598 ΧΗ.
421 2539 618 2588 osuuauvs:
641 2519 716 2603 Quis
740 2539 813 2605 ergo
835 2522 940 2606 potest
961 2520 1066 2606 fragili
1081 2538 1174 2588 carue
1194 2520 1408 2586 circumdatus

16 2662 46 2692 a·
175 2609 182 2620 ’
283 2631 330 2695 ita
356 2648 423 2694 esae
452 2626 525 2692 huic
551 2624 690 2691 theoriae
717 2646 839 2711 semper
866 2626 995 2705 adfixus,
1026 2630 1063 2690 ut
1089 2643 1260 2710 numquam
1291 2624 1446 2707 cogitatae

194 2716 199 2727 ’
283 2732 320 2796 de
349 2730 453 2797 iratus
481 2726 626 2812 aduentu,
653 2730 691 2795 de
713 2730 896 2796 uisitatione
918 2730 1045 2807 infirmi,
1069 2729 1107 2795 de
1128 2747 1221 2812 opere
1243 2746 1405 2805 manuum,

247 2908 250 2915 ,
283 2838 366 2899 certe
394 2835 432 2899 de
461 2832 655 2898 humanitate
683 2832 856 2918 peregrinis
877 2834 929 2898 uel
951 2831 1187 2898 aduenientibus
1210 2830 1406 2897 exhibenda?

281 2940 435 3019 postremo
457 2936 527 3019 quis
549 2953 610 3000 non
632 2934 849 3017 interpelletur
876 2935 1011 3019 corporis
1033 2935 1131 3019 ipsius
1152 2934 1328 3018 prouisione
1350 2933 1404 2998 uel

282 3040 377 3106 eura?
406 3042 461 3105 aut
489 3038 749 3121 quemadmodum
778 3058 866 3105 meus
894 3042 944 3107 uel
971 3042 1004 3106 in
1032 3059 1091 3123 quo
1113 3040 1162 3105 illi
1191 3036 1344 3104 inuisibili
1371 3040 1406 3101 et

282 3140 577 3226 inconprehensibili
599 3142 656 3206 deo
680 3144 784 3209 ualeat
807 3142 979 3224 cohaerere,
1004 3144 1146 3225 cupimus
1167 3140 1298 3208 edoceri.
1415 3169 1444 3208 aa

323 3263 413 3329 Xlll.
428 3280 574 3329 uorans:
590 3262 754 3329 Inhaerere
769 3264 895 3347 quidem
912 3266 967 3329 deo
978 3266 1092 3349 iugiter
1103 3267 1135 3329 et
1145 3260 1404 3345 contemplationi

280 3365 346 3431 eiua
374 3366 636 3449 quemadmodum
662 3366 768 3433 dicitis
791 3366 1038 3450 inseparabiliter
1061 3365 1200 3451 copulari
1221 3364 1405 3449 inpossibile

279 3472 327 3535 est
355 3470 472 3535 homini
499 3469 562 3533 ista
590 3469 690 3535 camis
713 3468 884 3554 fragilitate
907 3469 1108 3536 circumdato.
1145 3487 1257 3535 uerum
1278 3469 1403 3551 oportet

381 3688 542 3755 3Mt5,8
644 3688 865 3755 cleonice
969 3689 1078 3745 llll-c.

331 3911 549 3980 lmrruptiouea
570 3912 619 3969 W¹
722 3875 917 3997 2promiaaf⁸u⁸r⁸ri1
934 3910 964 3964 D
1067 3911 1101 3966 10
1117 3927 1148 3965 ae
1164 3910 1205 3965 D¹
1309 3910 1340 3963 11
1358 3924 1402 3961 ex-

277 4027 352 4083 cedet
368 4029 409 4083 12²
437 4031 541 4085 excedit
555 4032 957 4099 W(cltercmeicrco.m.2)
976 4030 1017 4083 X¹
1046 4031 1149 4085 excidet
1165 4032 1206 4085 X‘
1293 4030 1325 4085 15
1341 4028 1403 4083 eiii-

277 4114 360 4169 ectior
376 4114 446 4173 DW
541 4118 573 4171 16
591 4116 692 4187 adquae
708 4118 746 4173 W
843 4116 873 4169 li
891 4116 1055 4185 fraglantius
1071 4118 1109 4173 W
1193 4116 1278 4185 adque
1297 4114 1335 4169 W

280 4200 310 4255 19
333 4200 419 4271 flagili
441 4202 471 4257 D
572 4203 605 4256 21
630 4202 717 4255 fratrd
740 4202 782 4255 Ι)ι
887 4200 921 4255 22
944 4201 988 4255 uel
1010 4205 1080 4257 certe
1103 4202 1154 4257 Xc
1256 4202 1290 4255 26
1313 4216 1403 4254 moses

276 4286 360 4342 D¹W
447 4288 668 4359 contemplatione
684 4289 726 4343 1)ι
823 4288 856 4342 27
874 4288 941 4343 dicia
959 4287 1000 4342 D²
1091 4288 1303 4358 inseperabiliter
1320 4303 1402 4357 copo-

275 4374 326 4428 lari
342 4374 382 4428 1)Ι
486 4374 639 4444 imposibile
655 4374 685 4429 D
