3009 5200
269 424 333 491 640
660 419 824 476 Iohannis
842 417 998 474 Cassiani

270 630 326 677 sua
359 614 391 676 et
423 610 586 676 cuminum
626 607 748 674 cumulo
788 608 957 691 gloriantes
993 606 1162 674 secundnm
1198 606 1391 674 sententiam

266 713 464 798 obiurgantis
487 710 618 794 apostoli
640 711 764 777 laudem
786 710 848 776 sibi
870 702 1032 792 ‘quandam
1052 715 1091 776 ds
1112 709 1291 776 confusione
1313 729 1389 776 oon·

239 803 403 900 4qulrant.
428 835 503 900 quos
519 817 616 882 otiam
631 815 804 882 Hieremias
819 815 970 898 propheta
983 834 1042 882 non
1057 816 1158 880 solum
1173 834 1234 880 non
1245 815 1389 880 nolentes

269 939 324 986 nec
339 938 411 986 cum
426 920 532 1001 requie
547 919 647 984 cordis
663 921 694 984 ot
709 918 843 1001 corporis
854 916 1047 1000 legitimum
1058 917 1191 982 crimina
1200 918 1389 1000 perpetrare,

269 1023 497 1088 uerum-etiam
520 1023 552 1086 in
576 1025 701 1086 tautum
724 1037 776 1084 eos
798 1021 914 1086 adserit
936 1019 1100 1094 laboriosis
1121 1022 1282 1085 conatibus
1297 1023 1335 1083 nt
1349 1019 1390 1084 ad
1412 1043 1425 1083 a

270 1125 412 1192 effectum
447 1141 552 1189 eorum
584 1123 768 1207 perueniant
804 1123 962 1199 desumo,
997 1128 1034 1187 ut
1066 1142 1084 1186 a
1116 1123 1206 1188 letali
1236 1123 1390 1188 scelerum

268 1229 410 1312 adpetitu
434 1247 489 1302 nec
512 1226 734 1293 obsistentibus
757 1227 801 1292 eis
816 1227 922 1292 uluis
937 1225 1179 1292 difficultatibus
1194 1229 1389 1302 reuocentur,
1445 1277 1448 1283 .

239 1331 390 1399 edicens:
413 1333 457 1396 ut
476 1329 608 1411 inique
631 1329 813 1411 agerent,
836 1328 1136 1394 laborauorunt.
1169 1329 1250 1395 illud
1266 1348 1389 1412 quoqne

269 1433 338 1516 quia
354 1434 467 1500 dixerit
480 1431 692 1514 peccatoribus
707 1432 883 1496 conuenire:
906 1423 1041 1514 itaqn'e
1062 1450 1131 1515 ego
1153 1434 1238 1516 ipse
1261 1436 1390 1498 mente

269 1537 402 1601 seruio
423 1535 506 1619 legi
527 1533 605 1612 dei,
629 1551 745 1600 carne
767 1537 899 1599 autem
926 1533 1007 1616 legi
1039 1533 1213 1618 peccati,
1235 1551 1312 1617 quos
1334 1554 1430 1601 necin

269 1640 374 1704 mente
390 1655 445 1702 nec
460 1655 552 1702 carne
568 1637 624 1702 deo
636 1637 751 1702 seruire
763 1637 966 1702 manifestum
977 1639 1046 1702 est?
1062 1640 1118 1701 ant
1128 1639 1389 1719 quemadmodum

269 1741 302 1804 hi
336 1743 387 1822 qui
421 1757 546 1824 corpore
579 1743 709 1824 peccant
738 1744 842 1804 mente
875 1741 1014 1805 seruiunt
1044 1740 1111 1821 deo,
1140 1759 1211 1804 cum
1238 1741 1388 1806 uitiorum

270 1844 412 1910 fomitem
445 1861 514 1908 caro
545 1862 581 1907 ex
615 1843 706 1908 eorde
739 1843 894 1924 concipiat
927 1845 959 1907 et
987 1845 1054 1925 ipse
1085 1845 1193 1909 auctor
1226 1845 1389 1928 utriusque

271 1951 399 2012 naturae
429 1946 548 2012 sontem
577 1950 671 2028 atque
701 1945 853 2035 originem
874 1948 1070 2028 peccatorum
1092 1965 1129 2012 ex
1151 1966 1186 2012 eo
1207 1950 1390 2030 pronuntiet

270 2067 413 2114 emanare
446 2051 489 2114 de
523 2052 651 2126 cordo,
685 2049 841 2132 inquiens,
873 2051 1089 2132 procedunt
1122 2051 1426 2132 cogitationesu

271 2154 409 2229 malae,
432 2152 653 2234 adulteria,
678 2151 984 2231 fornicationes,
1008 2152 1132 2234 furta,
1155 2152 1390 2219 falsatesti·

241 2255 397 2321 limonia
433 2257 464 2320 et
495 2256 620 2320 cetera?
664 2257 862 2337 quamobrem
897 2256 1056 2322 euidenter
1092 2256 1265 2322 ostenditur
1300 2255 1389 2322 nullo

270 2360 359 2424 modo
392 2358 450 2424 hoc
484 2358 522 2424 de
555 2361 752 2440 peccatorum
786 2358 929 2442 intellegi
956 2375 1044 2442 posse
1072 2358 1221 2442 personis,
1252 2359 1391 2442 quinon

269 2460 371 2524 solnm
402 2479 460 2526 non
491 2461 631 2541 oderunt,
661 2463 713 2526 sed
744 2463 837 2527 etiam
866 2461 1005 2545 diligunt
1032 2463 1118 2527 mala
1145 2462 1237 2526 etin
1264 2466 1390 2526 tantum

270 2564 325 2629 deo
348 2582 403 2629 nec
426 2563 539 2629 menla'
552 2582 609 2630 nec
630 2583 721 2631 carue
737 2562 928 2645 deseruiunt
944 2568 1066 2632 utente
1083 2564 1267 2647 delinquant
1281 2569 1389 2631 mente
1400 2590 1426 2631 ao

269 2685 360 2748 quam
385 2685 485 2742 carne,
510 2670 542 2732 et
564 2668 746 2750 prinsquam
769 2670 903 2749 corporis
920 2668 1062 2751 expleant
1076 2669 1282 2750 uoluptatem,
1298 2686 1390 2750 praa·

270 2770 436 2835 neniantnr
458 2771 573 2835 mentis
597 2790 671 2836 snae
700 2771 983 2855 cogitationumque
1004 2778 1141 2853 peccato.

312 2888 351 2952 11.
376 2888 523 2970 Superest
552 2890 651 2973 igitur
679 2895 716 2957 ut
746 2893 896 2957 uirtutem
927 2910 1035 2957 sensns
1062 2913 1097 2957 er
1120 2892 1231 2957 intimo
1254 2890 1391 2957 dicentis

270 2992 437 3057 metiamur
470 2992 602 3076 adiectu,
636 2996 667 3059 et
700 2995 774 3076 quid
803 2994 912 3059 beatus
941 2995 1100 3079 apostolus
1129 2996 1242 3059 dixerit
1274 2996 1390 3060 bonnm

271 3094 383 3176 quidus
418 3095 634 3176 conparatione
668 3097 735 3161 eius
771 3098 1022 3179 pronuntiauerit
1057 3098 1177 3164 malum
1211 3116 1272 3162 non
1305 3098 1422 3163 nudare

271 3197 500 3281 significatione
515 3198 690 3282 uerborum,
710 3199 765 3265 sen
781 3201 887 3265 eodem
902 3218 962 3282 quo
977 3201 1030 3266 ille
1042 3201 1249 3273 discutiamus
1259 3200 1389 3278 intuitu,

371 3404 586 3467 scaphiis,
612 3406 643 3458 19
748 3403 907 3458 8Hiercm.
931 3406 994 3468 9‚5
1097 3402 1217 3459 9Rom.
1241 3404 1265 3466 l,
1287 3402 1323 3457 25

273 3493 304 3547 15
321 3491 370 3545 ut.
390 3492 430 3555 ln,
450 3491 482 3544 19

320 3660 549 3715 3ilrersmias0
613 3718 617 3725 ,
649 3659 776 3714 4οοτάἱε
794 3664 822 3714 et
840 3676 889 3714 osu.
907 3661 945 3731 βν
1046 3662 1211 3730 flagitiorum
1228 3660 1285 3713 eius
1303 3660 1334 3730 βι
1363 3660 1388 3713 fl.

269 3762 344 3802 ense
447 3747 462 3800 7
486 3748 524 3800 eis
545 3746 656 3815 scripsi:
688 3762 731 3801 eos
747 3746 777 3801 B
804 3762 855 3801 ora.
871 3746 967 3815 Folio
1068 3746 1160 3801 arduis
1183 3746 1389 3801 difficultatibus

269 3850 317 3892 ors.
334 3832 365 3887 F
449 3832 676 3900 9psccatoriBF
761 3833 793 3886 10
810 3836 899 3887 summ
916 3832 1017 3902 legsB
1104 3834 1136 3887 11
1153 3833 1212 3901 aut]
1231 3835 1262 3885 ut
1280 3832 1323 3887 Κί

221 3961 224 3969 ,
269 3918 500 3989 quemammodum
519 3918 546 3973 B
657 3918 909 3975 121111131οΚ2ι
992 3918 1183 3989 -qu'aosassr
1285 3920 1390 3987 peccent

270 4021 374 4075 corpore
387 4006 425 4074 pr
451 4010 560 4073 peccant
571 4020 704 4072 corporee
794 4007 913 4060 sarciant
925 4005 1025 4059 mr:
1051 4005 1172 4058 seruiunt
1185 4004 1325 4061 Brome

271 4092 303 4143 16
321 4090 517 4145 fornicationes·
527 4090 600 4143 furta
618 4106 667 4145 om.
687 4090 745 4145 BF
839 4090 909 4145 false
927 4091 1081 4145 testimonia
1099 4107 1149 4145 osa.
1169 4089 1236 4159 opu
1254 4090 1300 4156 (cf.
1318 4090 1387 4144 Isari.

277 4175 325 4239 VI,
343 4178 373 4239 Β)
477 4176 507 4229 21
528 4176 614 4244 carne]
633 4190 738 4244 corpore
755 4176 794 4245 βυ
888 4177 1014 4245 corporis]
1032 4177 1120 4230 carnis
1136 4176 1174 4245 βυ
1277 4175 1311 4229 22
1328 4168 1387 4229 suae

186 4300 191 4311 .
269 4278 319 4315 om.
336 4260 373 4329 βο
473 4262 507 4315 23
526 4263 659 4315 uirtutum
677 4262 769 4318 FKZ¹
857 4250 907 4315 ‘24
923 4261 1067 4316 metiamua
1085 4262 1127 4315 Κι
1223 4260 1330 4317 adfectu
1347 4258 1387 4313 K:

270 4346 313 4399 aff.
331 4346 388 4399 rell.
491 4347 523 4401 25
543 4350 725 4417 conparationi
743 4348 802 4402 BF
901 4349 964 4418 non]
981 4364 1029 4403 nec
1045 4348 1136 4403 BFO¹
