3009 5200
297 350 361 414 312
690 345 854 400 Iohannis
871 345 1030 402 Cassiani

299 553 377 618 quas
408 534 671 618 praecipientibus
708 534 825 600 sanctis
862 533 1007 600 Helladio
1040 534 1073 598 et
1105 534 1232 599 Leontio
1269 535 1440 618 episcopis

299 642 470 720 utcumque
498 638 693 720 digessimus,
726 637 905 703 satisfecere
931 639 1111 720 potuerunt,
1141 654 1232 715 nnnc,
1261 640 1297 701 ut
1324 637 1434 702 etiam

300 740 422 806 itineris
447 741 545 806 nostri
573 741 652 806 ratio
681 744 892 824 cognoscetur,
923 741 1021 804 trium
1047 740 1081 804 in
1118 739 1183 805 alia
1203 739 1327 805 heromo
1350 758 1435 805 con-

301 845 480 910 sistentium
509 861 585 926 quos
612 847 728 928 primos
757 844 895 910 uidimus
924 851 1051 926 patrum
1079 847 1198 926 septem
1232 844 1438 910 conlationes

300 949 368 1032 pari
398 949 588 1031 conscriptas
618 948 691 1014 stilo
720 950 807 1014 uobis
836 949 955 1013 credidi
981 950 1214 1026 consecrandas,
1241 949 1354 1030 quibus
1376 966 1434 1029 ea,
1473 967 1497 1009 ε

301 1069 380 1134 qnae
402 1052 440 1116 de
461 1050 650 1133 perfectione
672 1053 705 1116 in
726 1050 906 1134 praeteritis
935 1051 1092 1134 opusculis
1120 1051 1233 1116 nostris
1259 1050 1434 1116 obscurius

270 1153 432 1224 3iorsitan
462 1154 669 1237 conprehensa
696 1155 747 1220 uel
775 1153 998 1236 praetermissa
1029 1157 1112 1232 sunt,
1146 1155 1356 1237 suppleantur.
1397 1156 1435 1219 si

301 1275 376 1322 nero
397 1259 539 1322 sanctem
561 1257 657 1322 studii
678 1257 774 1321 uestri
796 1256 884 1321 ntirn
907 1257 1003 1322 etiem
1031 1257 1110 1322 baec
1131 1257 1245 1322 satiare
1266 1275 1328 1322 non
1351 1257 1440 1339 qni-

301 1359 416 1439 nerint,
439 1361 558 1442 septem
580 1359 659 1424 alise
682 1359 885 1435 conlationes,
912 1378 992 1441 qnae
1014 1359 1054 1424 ad
1075 1361 1200 1425 sanctos
1213 1360 1268 1442 qni
1281 1361 1317 1424 in
1332 1358 1438 1425 Stoe-

304 1462 454 1528 chadibus
477 1462 650 1528 consistunt
672 1461 785 1526 insulis
800 1461 990 1528 emittendae
1004 1465 1080 1529 sunt
1093 1462 1218 1541 fratres,
1233 1463 1433 1531 desiderium
1450 1488 1492 1526 ιο

302 1571 339 1631 nt
361 1566 495 1632 arbitror
516 1566 614 1632 uestri
636 1565 756 1631 ardoris
785 1567 962 1650 explebunt

355 1850 585 1907 reinbozno
681 1853 1357 1923 3eognnscetnrii¹etoiepceeimtemagnnsco
1441 1898 1445 1903 .

301 1939 320 1992 4
345 1939 446 2007 primns
471 1939 515 1990 Πι
620 1939 638 1994 8
664 1941 790 2007 qnaerint
814 1937 858 1990 ΠΙ
963 1939 981 1992 9
1007 1937 1184 1993 istoeesoiibns
1210 1939 1238 1991 Σ
1271 1937 1440 1993 mention

303 2023 329 2076 0
420 2026 450 2080 11
470 2029 501 2079 nt
518 2026 634 2079 srbitror
650 2040 700 2078 osu
717 2025 748 2076 Π
833 2025 909 2078 sinit
926 2021 1015 2092 (Finis
1026 2026 1065 2090 Σ)
1081 2025 1219 2092 praefatio
1246 2025 1347 2093 Incipit
1363 2039 1438 2078 con-

302 2110 371 2169 latio
388 2110 448 2178 (lib.
466 2111 649 2166 conlationem
666 2113 709 2178 Σ)
732 2109 840 2165 abbatis
862 2110 1041 2166 ammoni·
1061 2110 1094 2164 de
1117 2110 1277 2180 perfectione
1294 2111 1368 2162 ΣΠε
1395 2112 1441 2164 in

302 2201 418 2266 ostrow
443 2197 501 2252 cod.
527 2198 652 2266 eapse&
674 2197 828 2266 prmissa
852 2202 919 2252 msc
939 2196 1115 2265 praefationi
1226 2196 1343 2266 Explicit
1368 2211 1442 2265 pre-

303 2282 371 2336 fatio
395 2282 419 2335 0
