3009 5200
535 453 695 508 contorio
719 454 772 521 111,
789 453 832 508 aa.
1164 428 1166 431 ⁵
1204 451 1247 520 95

143 641 211 705 His
244 661 305 708 nos
336 642 529 708 sermonibus
562 643 699 708 eruditos
729 642 812 710 abba
843 642 1010 708 Painutius
1038 662 1055 708 e
1085 662 1141 708 sua
1170 644 1280 709 oella4

102 763 167 809 non
200 745 274 809 tam
307 747 423 810 alacres
447 765 540 827 quam
564 749 755 828 conpunetos
779 744 869 810 eorde
891 750 963 809 ante
986 745 1123 810 medinm
1147 746 1248 810 noetis

102 848 231 926 emisit,
260 848 323 913 hoe
353 848 441 913 nubis
469 849 668 932 praecipuum
691 867 765 915 suae
788 849 970 914 conlationis
993 848 1153 915 conferens
1175 868 1249 914 mu-

102 969 191 1030 nere,
225 954 264 1015 ut
297 968 368 1016 unm
398 969 454 1032 per
482 951 759 1018 abrenuntiationis
787 951 905 1034 primae
935 951 1245 1033 consummationem,

82 1073 206 1136 squam
238 1055 310 1118 tota
339 1054 456 1119 uirtute
478 1054 680 1119 studebamus
703 1053 833 1136 inplere,
856 1055 1049 1138 adtingente·
1066 1055 1154 1120 uobis
1176 1073 1246 1137 per·

105 1157 257 1221 fectionis
292 1155 429 1222 eulmina
463 1159 664 1236 crederemus,
693 1156 902 1238 inciperemus
925 1176 1089 1242 agnoscere
1112 1160 1245 1223 neudum

106 1277 163 1324 nos
204 1259 348 1342 coepisse
381 1260 601 1325 monachorum
629 1259 758 1341 fastigia
788 1262 952 1338 somniare,
981 1260 1094 1344 quippe
1125 1260 1179 1342 qui
1209 1259 1246 1324 de

108 1364 254 1428 secunda
269 1363 540 1428 abrenuntiatione
556 1381 665 1446 parum
681 1363 757 1446 quid
769 1365 800 1428 in
813 1362 966 1428 coenobiis
979 1363 1094 1428 eruditi
1105 1362 1243 1444 tertiam,

108 1467 142 1530 in
166 1484 235 1548 qua
258 1466 359 1531 omnis
380 1465 527 1547 perfectio
550 1466 726 1532 sentinetur
750 1485 887 1549 quaeque
902 1466 975 1532 illas
990 1466 1152 1531 inferiores
1168 1464 1245 1530 duas

77 1569 226 1634 nmultis
250 1568 409 1652 praeeedit
430 1569 539 1648 modis,
565 1589 604 1635 ne
627 1569 736 1635 auditu
752 1569 877 1653 quidem
892 1588 949 1635 nos
964 1575 1058 1636 antea
1072 1569 1245 1652 percepisse

111 1690 288 1737 nomemus.

163 1961 179 2014 l
211 1959 286 2013 abba
309 1960 354 2014 W:
389 1959 473 2013 abbas
498 1960 596 2016 DOPo
699 1961 716 2014 2
742 1963 907 2029 oonpnnotns
935 1961 980 2016 W¹
1081 1961 1099 2014 4
1124 1977 1170 2031 per
1196 1977 1246 2016 orn.

115 2063 155 2117 W
259 2063 275 2116 ’1
302 2063 425 2117 manem.
453 2062 494 2116 D¹
597 2064 614 2118 8
640 2051 762 2117 eoenobr's
788 2063 819 2118 D
921 2065 938 2117 9
961 2065 1116 2117 conteretur
1136 2065 1178 2118 D¹

113 2149 146 2202 10
162 2149 295 2203 auditum
315 2147 338 2204 0
423 2144 590 2218 reeipiton
675 2151 705 2204 11
726 2164 872 2203 nossemus.
895 2149 1013 2218 liuptieit
1030 2151 1147 2204 eonlatio
1165 2151 1247 2217 (oolla

112 2237 151 2304 Ρ)
181 2235 293 2292 abbatis
311 2236 429 2304 pafnutii
447 2236 565 2306 (uersuti
586 2236 618 2304 0)
640 2236 672 2290 da
689 2236 778 2290 tribus
796 2235 1081 2292 abrenuntiationibus
1097 2235 1248 2292 DWOPX

115 2357 259 2425 incipiunt
281 2357 357 2421 (uem
374 2357 415 2426 x)
439 2357 559 2426 copreae
577 2357 608 2412 ue
626 2355 734 2412 ostatu
753 2347 827 2424 (aas
839 2357 883 2426 m)
907 2357 1042 2412 ominem
1060 2321 1185 2425 <nnete
1203 2357 1245 2425 x)

115 2444 269 2498 musone
284 2443 358 2499 DX:
388 2461 440 2500 om.
460 2443 522 2502 WP
548 2443 650 2514 Iuoipit
672 2445 788 2500 oonlatio
811 2445 917 2500 abbatis
939 2444 1052 2500 danielis
1069 2444 1103 2498 de
1119 2444 1245 2513 eoncupi-

114 2529 216 2584 mue
234 2529 323 2585 earnm
341 2533 370 2584 et
388 2531 526 2601 spiritum.
556 2531 657 2601 Iueipit
674 2531 832 2601 capitulatio
849 2530 969 2586 eiusdem
987 2530 1011 2586 0
