3009 5200
264 456 330 521 470
655 451 821 505 Iohannis
838 450 996 505 Cassiani

266 642 485 709 conmodorum
509 644 611 723 potest
632 640 771 705 condicio
793 647 916 707 uestrae
937 640 1110 723 sponsionis
1134 640 1266 723 implori,
1289 640 1391 704 satius

265 747 314 810 est
345 746 403 811 boo
429 762 484 809 nos
514 744 669 810 mendacii
697 743 749 808 uel
777 762 837 809 uon
870 744 1008 827 inpletae
1040 742 1252 826 promissionis
1283 742 1391 807 subire

266 850 472 931 dispendium,
505 851 584 930 quod
618 848 716 913 semel
747 848 948 930 praeteritum
981 864 1038 911 nec
1068 848 1173 931 ipsum
1204 847 1291 912 ultra
1326 849 1390 911 ism

266 954 363 1035 repeti
394 972 449 1016 uec
476 952 540 1016 elia
567 970 622 1033 per
650 955 750 1015 semet
776 952 891 1032 poterit
912 968 1060 1033 gononis
1082 953 1221 1032 peccata,
1245 966 1338 1031 qnam
1356 950 1392 1014 in

267 1055 346 1119 illud
367 1056 503 1120 incidere
524 1072 579 1137 per
600 1054 680 1137 quod
706 1052 870 1137 tepidioris
886 1054 971 1117 uitae
985 1056 1024 1118 ut
1037 1050 1144 1118 dicitis
1158 1056 1260 1117 datus
1278 1052 1392 1117 cotidi-
1414 1072 1429 1111 s

235 1157 326 1223 tsuo
349 1176 405 1222 nos
428 1160 523 1239 atque
546 1156 774 1223 interminabili
803 1156 932 1222 sdlieist
955 1156 1154 1222 detrimento.
1193 1155 1392 1222 ueninbilitsr

267 1264 359 1339 euim,
382 1263 478 1327 immo
495 1281 570 1328 uero
586 1262 681 1326 etiam
698 1260 897 1325 laudabiliter
911 1258 1050 1324 delinitio
1064 1260 1191 1325 incauta
1205 1258 1390 1342 mutabitur,

265 1364 293 1429 si
316 1364 355 1431 ad
377 1365 582 1431 salubriorem
604 1366 743 1429 trauseat
764 1366 898 1447 partun,
926 1382 985 1429 neo
1013 1364 1211 1429 constantiae
1231 1364 1392 1445 praenati·

265 1467 356 1547 cstio,
386 1468 440 1532 sed
471 1468 658 1533 temeritatis
686 1466 863 1533 emendatio
890 1485 958 1531 esse
986 1468 1139 1533 credends
1165 1468 1221 1549 est,
1247 1467 1391 1549 quotiens

264 1571 386 1653 sponsio
415 1572 528 1637 uitioss
555 1572 730 1653 corrigitur.
776 1588 854 1654 quae
885 1573 991 1635 omnia
1017 1572 1243 1653 scripturarum
1270 1588 1429 1653 quoquere

265 1678 395 1755 possum
418 1674 605 1740 testimoniis
628 1674 823 1756 apertissime
849 1671 1044 1754 conprobnri,
1058 1692 1152 1755 quem
1167 1674 1279 1738 multis
1294 1674 1392 1738 etiam

267 1776 406 1843 letaliter
428 1778 557 1843 cesserit
578 1780 696 1843 statuta
718 1777 876 1859 couplesse
897 1778 931 1841 et
951 1794 969 1839 o
990 1778 1143 1842 contrario
1164 1794 1259 1859 quem
1281 1777 1392 1841 multis

267 1881 374 1945 eadem
396 1881 548 1965 refugisse
571 1882 755 1947 conmodnm
776 1882 872 1947 fuerit
893 1900 932 1947 ao
953 1882 1087 1948 salubre.

311 2002 417 2066 VIIII.
440 2002 528 2083 Quod
551 2004 718 2085 utrumque
739 2003 949 2086 liquidissime
973 2002 1076 2068 ssncti
1099 2002 1232 2084 apostoli
1255 2000 1342 2067 Petri
1357 2006 1390 2065 et

267 2104 399 2171 Herodis
421 2106 562 2189 exempla
586 2106 754 2171 testentur.
791 2106 848 2171 ille
868 2108 953 2172 euim
975 2102 1390 2189 quiadiseessitudstiniti·
1403 2124 1431 2165 rs

266 2226 324 2273 one
347 2208 520 2273 sententies
541 2226 634 2290 quam
658 2210 745 2273 uelut
767 2214 960 2274 sacramento
974 2209 1154 2274 lirmauerat
1169 2206 1293 2273 dicens:
1317 2224 1390 2272 uon

266 2312 365 2377 mibi
399 2311 556 2378 lanatis
593 2312 710 2393 pedes
742 2314 780 2376 in
813 2316 1034 2388 aeternum,
1066 2312 1234 2377 inmortale
1271 2310 1389 2376 Christi

267 2416 455 2480 consortium
489 2418 690 2500 promeretur,
724 2416 931 2483 abscidendus
962 2417 1072 2499 procul
1102 2416 1198 2483 dubio
1229 2416 1269 2482 sb
1297 2416 1390 2479 buius

267 2518 470 2584 testitudinis
492 2520 604 2604 gretie,
628 2520 655 2585 si
678 2519 711 2584 iu
734 2522 887 2585 sermonis
909 2522 957 2586 sui
978 2518 1190 2585 obstinatione
1211 2519 1388 2583 mansisset.

266 2622 318 2687 lric
346 2641 419 2688 uero
448 2622 543 2688 iidem
570 2624 737 2689 inconsulti
766 2626 903 2690 retinens
937 2624 1127 2689 sacramenti
1154 2622 1432 2689 cruentissimum

266 2727 474 2806 praecursoris
499 2727 615 2792 domiui
638 2726 744 2791 extitit
758 2726 963 2810 interemptor
977 2744 1120 2809 uanoque
1133 2727 1245 2792 timore
1260 2724 1390 2808 periurii

266 2831 456 2894 damnationi
488 2834 587 2896 semet
619 2831 722 2912 ipsum
755 2833 850 2914 etque
885 2830 1047 2915 suppliciis
1080 2830 1246 2913 perpetuae
1278 2827 1389 2893 mortis

266 2933 420 2997 inmersit.
457 2934 489 2996 in
519 2934 662 2999 omnibus
692 2953 766 3018 ergo
796 2933 890 3000 rebus
918 2935 1161 2999 considerandus
1194 2935 1243 2998 est
1263 2931 1336 2996 linis
1357 2933 1389 2994 st

266 3037 437 3102 secuudum
466 3055 537 3102 snm
567 3039 714 3120 propositi
744 3039 843 3103 nostri
872 3037 1055 3122 dirigendus
1076 3041 1126 3103 cst
1147 3054 1273 3102 cursus:
1296 3051 1390 3118 quem

266 3141 293 3204 si
330 3140 567 3222 superueniente
602 3141 775 3208 salubriore
811 3142 940 3208 consilio
977 3141 1018 3206 ad
1049 3139 1235 3206 deteriorem
1267 3137 1431 3222 partemne

266 3259 393 3326 uergere
415 3243 594 3325 uiderimus,
621 3246 737 3310 rectius
759 3247 806 3310 est
820 3245 992 3328 incongrue
1006 3243 1232 3310 constitutione
1247 3239 1392 3307 submota

267 3347 307 3410 ed
337 3347 496 3412 meliorem
524 3348 660 3412 transire
691 3347 882 3414 senteutiam
911 3365 1007 3431 quem
1036 3347 1168 3413 statutis
1190 3343 1392 3428 pertinaciter

267 3450 454 3516 inhaerendo
476 3453 610 3534 peccatis
631 3449 829 3534 grauioribus
850 3452 993 3536 obligari.

370 3707 403 3760 16
421 3707 480 3760 loh.
499 3707 540 3772 13,
557 3709 575 3763 8

323 3948 473 4003 loouditio
491 3947 551 4000 HT
633 3947 697 4000 lin
716 3963 768 4001 oss.
786 3946 840 4000 ΤΟ
925 3945 1079 4000 binocdere
1096 3943 1130 3996 ‘i‘

268 4033 497 4088 tidetrimsutnm
514 4035 553 4086 ΠΙ
646 4033 751 4088 leuim
768 4049 819 4087 osu
836 4036 864 4085 P
950 4029 1087 4098 uerum(t)
1106 4031 1134 4081 Σ
1224 4028 1394 4096 spernens·

268 4121 312 4170 est
335 4117 364 4169 ll
464 4118 609 4189 bonotto·
630 4120 665 4171 ‘P'
769 4119 804 4172 14
824 4131 882 4172 eoos
898 4117 1045 4188 distinpas't
1068 4119 1095 4168 Τ
1194 4116 1223 4167 st
1240 4111 1349 4166 herodis
1365 4117 1395 4166 st

269 4201 297 4252 Σ
325 4207 352 4256 et
369 4202 456 4257 erodis
474 4203 602 4258 lanc-iude
619 4203 760 4259 truditoris
776 4204 810 4267 0,
827 4201 862 4258 dc
878 4219 932 4272 pao
948 4203 986 4267 cf.
1004 4202 1196 4270 Prelepomsnn
1282 4197 1316 4252 18
1333 4211 1394 4265 pro·

269 4291 414 4344 mereretur
431 4290 466 4340 Y*
551 4289 585 4342 sd
602 4291 642 4342 Π·
728 4285 927 4343 boincousults
938 4289 979 4339 ll·
1064 4287 1095 4341 al
1116 4283 1218 4339 domiui
1233 4299 1285 4338 ons.
1301 4284 1330 4333 ‘r

268 4372 374 4425 exstitit
391 4371 421 4423 Π
516 4375 672 4428 interemtor
690 4375 749 4429 ΣΟ
