3009 5200
515 445 673 500 Gonletio
697 443 775 500 XIII.

594 1091 694 1178 XIII.

159 1314 428 1412 tortello
466 1315 702 1411 ABBAIIS
745 1315 1131 1413 OHAERIIMONIS

540 1469 750 1566 uultur.

403 1693 457 1757 DII
485 1691 777 1758 PROTEC'IIONE
805 1693 886 1759 DEI.

64 1951 76 1989 e
520 1897 769 1981 OAPITVLA.

186 2071 211 2134 I.
234 2071 442 2139 Prooemium.

169 2173 210 2238 II.
235 2173 454 2258 interrogatio,
489 2191 583 2256 quere
612 2191 674 2237 non
704 2173 817 2238 merita
850 2171 1006 2237 uirtutum
1036 2170 1207 2236 laborantis

232 2279 406 2344 iudustriee
428 2279 625 2361 deputentur.

155 2379 211 2446 111.
235 2381 415 2464 Responsio,
438 2381 520 2464 quod
542 2385 607 2447 sine
631 2379 785 2447 adiutorio
801 2382 851 2446 dei
866 2400 927 2446 non
942 2380 1043 2446 solum
1059 2378 1207 2462 perfectio

56 2514 78 2552 ιο
234 2483 400 2562 1111111111,
425 2483 478 2548 sed
501 2485 625 2547 omnino
649 2481 728 2547 nihil
750 2483 824 2548 boni
845 2483 953 2568 perfiei
975 2482 1084 2568 possit.

140 2585 216 2652 IIII.
239 2585 391 2665 Obieotio‚
421 2585 684 2669 quemadmodum
713 2585 847 2671 gentiles
881 2585 997 2670 absque
1023 2585 1129 2669 gratie
1158 2584 1207 2650 dei

235 2690 454 2756 oestimoniem
475 2688 620 2755 habuisse
643 2690 795 2755 dieantur.

176 2792 212 2857 V.
236 2794 405 2877 Responsio
429 2794 467 2859 de
489 2792 745 2875 philosophorum
769 2792 956 2877 imaginarie
978 2792 1136 2857 restitute.

158 2896 210 2962 VI.
235 2896 325 2979 Quod
347 2897 414 2963 sine
436 2896 541 2981 gratis
563 2895 612 2962 dei
628 2896 733 2960 nullos
749 2896 921 2961 industrios
936 2899 1064 2961 oonutus
1081 2895 1208 2978 exsequi

56 3029 77 3067 η
234 3002 405 3067 ualeamus.

141 3102 211 3169 VII.
235 3104 281 3169 De
309 3102 476 3187 prineipuli
503 3104 660 3186 proposito
689 3103 738 3168 dei
762 3106 794 3167 et
815 3102 1014 3186 prouidentia
1040 3100 1206 3167 cotidiene.

122 3205 211 3273 VIII.
235 3208 282 3273 De
304 3206 407 3293 gretia
430 3207 480 3271 dei
504 3207 536 3271 et
559 3206 684 3271 erbiirii
707 3205 865 3271 libertate.

109 3308 212 3373 VIIII.
236 3312 283 3375 De
305 3311 423 3376 uirtute
445 3312 541 3377 bonae
564 3309 737 3375 uoluntatis
761 3310 885 3375 nostrae
908 3312 940 3373 et
961 3310 1082 3393 gratiae
1105 3308 1164 3372 dei.

173 3413 211 3479 X.
235 3414 282 3479 De
305 3412 395 3479 liberi
418 3413 540 3479 arbitrii
563 3412 760 3476 infirmitate.

54 3544 78 3583 so
156 3514 210 3579 XI.
234 3514 349 3581 Vtrum
370 3516 486 3582 bonum
513 3516 711 3581 uoluntatem
734 3517 876 3581 nostram
898 3515 1046 3595 sequetur
1061 3532 1101 3579 en
1117 3530 1207 3595 prue-

234 3618 325 3683 cedat
346 3619 447 3701 gretie
469 3618 527 3683 dei.

133 3857 151 3909 6
176 3856 340 3925 probiueium
366 3858 394 3909 Σ
423 3857 569 3926 proemium
593 3858 619 3909 ‘P
645 3856 779 3924 premium
803 3854 836 3907 de
861 3854 1026 3922 protectione
1048 3853 1091 3906 dei
1116 3853 1142 3905 Ο

87 3941 100 3992 1
119 3942 208 4011 quero]
227 3958 294 4011 quoe
312 3944 340 3994 Σ
438 3942 573 3997 laboranti
592 3944 621 3994 Π
649 3942 1027 4009 loborantis...depntentnr
1045 3955 1096 3993 om.
1115 3939 1140 3991 Ο

87 4030 102 4081 8
118 4026 251 4081 industrie
268 4030 330 4080 ΣΠ
409 4028 552 4095 deputetur
569 4030 598 4080 Π
682 4028 698 4081 9
716 4027 845 4095 perfectio
857 4025 941 4078 ...10
953 4023 1102 4093 possitom.
1115 4025 1141 4077 Ο

89 4115 119 4167 10
143 4116 255 4168 putetis
281 4116 307 4165 Τ
405 4115 513 4169 omniuo
537 4130 587 4169 om.
611 4116 636 4165 Τ
739 4115 770 4167 11
789 4115 882 4181 gentes
905 4111 931 4163 Ο
1033 4110 1210 4164 repleantur

88 4198 153 4251 110
256 4200 287 4253 14
312 4200 404 4253 nullus
422 4200 451 4251 Π
479 4200 554 4253 nullo
572 4202 597 4251 Τ
698 4198 835 4252 Industria
852 4200 878 4250 Y
976 4196 1069 4265 exequi
1086 4195 1140 4248 ΤΟ

89 4284 119 4336 16
135 4288 199 4339 oott
217 4288 242 4338 Φ
335 4286 367 4340 18
385 4286 547 4355 ςτε111110
642 4286 675 4340 19
693 4285 780 4339 libers
796 4285 827 4336 Π
918 4282 1055 4337 infirmate
1071 4283 1102 4335 Π
1128 4283 1209 4337 liber·

88 4372 142 4422 tete
158 4372 183 4422 Τ
209 4369 369 4424 Infirmitute
387 4376 415 4425 et
433 4374 524 4440 gretie
541 4372 585 4425 dei
603 4372 629 4424 Ο
730 4370 766 4425 20
783 4372 928 4439 proeoellst
946 4371 974 4422 Σ
