3009 5200
293 413 335 480 74
378 465 382 471 .
684 411 848 468 Iohannis
871 411 1027 468 Cassiani

293 600 403 668 mundi
427 599 673 685 contemplamur
694 602 866 668 seeundum
888 601 1064 684 apostolum
1085 599 1150 666 iam
1172 616 1246 666 uon
1260 617 1304 666 sa
1317 618 1419 683 quae

293 703 484 771 uidentur
506 704 573 769 sed
595 721 690 788 quae
711 721 786 770 non
811 703 1015 771 uidenturr
1037 722 1136 789 quas
1157 705 1260 770 euim
1281 702 1420 769 niden·

293 808 371 888 tur,
408 808 647 890 temporalia
677 809 788 884 sunt,
822 826 917 891 quae
948 811 1078 876 autem
1111 825 1185 874 non
1217 805 1420 885 uidentur,

293 909 474 988 aeterna,
512 914 544 975 ot
577 914 722 976 exeuntes
755 913 846 977 eorde
876 912 914 978 de
946 911 1006 977 bae
1034 911 1199 994 temporali
1229 927 1268 976 ao
1299 908 1420 976 uiaibili

293 1014 383 1078 domo
416 1014 450 1078 iu
482 1013 572 1079 illam
605 1014 640 1078 iu
673 1031 734 1095 qua
768 1033 878 1080 snmus
913 1013 1030 1100 iugiter
1065 1013 1261 1098 permansuri
1297 1015 1460 1079 nostross

261 1115 397 1182 looulos
418 1119 616 1199 mentemque
637 1116 812 1198 dirigimus.
850 1118 933 1200 quod
955 1120 1031 1184 tuno
1056 1117 1255 1203 inplebimus,
1283 1134 1357 1182 oum
1384 1117 1420 1179 in

293 1237 386 1286 earne
408 1219 604 1286 ambulantes
626 1238 687 1286 non
710 1219 882 1285 seeundum
900 1238 1026 1286 oarnern
1047 1221 1184 1287 militare
1201 1221 1327 1285 domino
1349 1236 1421 1284 ooe·

291 1319 441 1404 perimus,
478 1321 567 1387 illam
606 1320 690 1387 beati
723 1321 857 1403 apostoli
892 1323 1081 1390 sententiam
1114 1341 1205 1406 opere
1236 1340 1272 1387 ao
1302 1321 1421 1386 uirtute

292 1424 481 1490 clamantes:
514 1424 650 1490 noster
678 1424 805 1490 autem
834 1425 1099 1509 municipatus
1128 1425 1168 1491 iu
1193 1425 1317 1492 oaelis
1346 1428 1420 1491 est.

291 1525 342 1592 bis
378 1526 480 1592 tribus
518 1525 841 1592 abrenuntiationibus
875 1527 999 1612 proprie
1035 1528 1099 1593 tres
1135 1526 1210 1593 libri
1246 1527 1460 1594 Salomonis1o

270 1633 450 1716 'aptantur
487 1649 560 1696 nem
582 1630 752 1696 Prouerbia
779 1630 899 1714 primas
926 1630 1191 1698 abrenuntiationi
1221 1629 1419 1708 sonuerinut,

212 1721 214 1725 ’
292 1732 406 1815 quibus
434 1733 683 1815 eoncupiscentia
712 1733 885 1799 bannalium
909 1753 1013 1798 rerum
1035 1753 1072 1800 ao
1093 1738 1215 1800 terrena
1234 1733 1316 1799 uitia
1337 1751 1420 1799 rese·

293 1840 415 1914 eantur,
450 1837 602 1902 seeundoe
637 1836 901 1902 abrenuntiationi
934 1837 1147 1914 Ecclesiastes,
1184 1836 1239 1916 ubi
1273 1835 1421 1901 uniuersa

293 1956 372 2022 quae
394 1943 531 2022 agontur
553 1939 611 2004 sub
633 1940 699 2004 sole
721 1940 843 2004 uanitas
858 1939 1105 2022 pronuntiantur,
1128 1939 1237 2005 tertiae
1253 1936 1420 2004 Cantioum

292 2037 499 2119 Geminorum,
531 2043 563 2106 in
590 2060 649 2125 quo
673 2062 760 2108 mens
782 2042 922 2108 nisibilia
944 2048 1055 2108 onnota
1076 2042 1295 2107 transoendens
1325 2043 1458 2107 uerbora

292 2143 357 2208 iam
380 2144 429 2210 dei
451 2143 632 2210 caelestium
653 2164 757 2210 rorum
779 2144 1038 2229 contemplatione
1061 2143 1222 2228 ooniungit
1261 2192 1269 2206 .

336 2262 407 2328 Vll.
432 2263 623 2350 Quapropter
638 2284 699 2331 nou
714 2267 851 2331 multum
865 2266 1004 2348 proderit
1017 2265 1152 2349 primam
1165 2284 1222 2332 uos
1235 2265 1421 2332 abrenunti-

292 2367 430 2432 ationem
458 2386 531 2434 oum
558 2386 682 2434 summa
708 2368 874 2434 deuotione
902 2367 976 2434 fidei
997 2368 1176 2451 suscepisse,
1201 2368 1230 2433 si
1251 2371 1421 2435 secundam

292 2487 355 2536 uon
385 2471 491 2536 eodem
520 2471 622 2538 studio
651 2471 744 2554 atque
775 2471 883 2536 eodem
907 2470 1140 2553 impleuerimus
1161 2471 1280 2536 udone.
1317 2472 1351 2537 et
1371 2470 1421 2536 ita

292 2591 364 2640 oum
394 2575 489 2639 etiam
519 2575 599 2640 bano
627 2573 779 2640 fuerimus
808 2573 938 2656 indepti,
967 2571 1007 2639 ad
1036 2573 1125 2641 illam
1147 2590 1268 2657 quoque
1291 2574 1458 2641 tertiamro

291 2681 451 2761 peruenire
466 2679 646 2762 poterimus,
663 2696 724 2761 qua
738 2680 882 2745 dedomo
897 2680 1007 2761 prioris
1022 2680 1119 2745 nostu
1133 2678 1275 2761 parentis
1290 2678 1419 2761 egressi,

291 2799 384 2863 quem
407 2782 447 2847 ab
470 2781 592 2847 exordio
614 2781 793 2848 natiuitatis
820 2782 946 2847 nostras
969 2780 1138 2847 seeundum
1161 2786 1300 2849 ueterem
1315 2780 1420 2847 bomi-

291 2902 375 2961 nem,
398 2884 520 2966 quando
543 2903 695 2949 eramus
717 2886 861 2951 natura
882 2883 967 2949 filii
990 2884 1074 2950 irae
1094 2884 1202 2950 siout
1224 2887 1262 2950 ot
1277 2884 1418 2959 oeteri,

290 2988 413 3069 patrem
441 2988 530 3054 nobis
559 2987 656 3053 fuisse
684 2989 892 3065 meminimus,
921 3006 1044 3053 omnem
1066 2988 1182 3053 mentis
1204 2988 1356 3053 intuitum
1378 2988 1421 3053 ad

261 3088 437 3155 leaelestia
459 3089 668 3158 detestamus.
706 3092 744 3157 do
767 3110 827 3175 quo
848 3092 944 3158 etiam
966 3094 1055 3174 patre
1073 3093 1112 3157 ad
1127 3090 1324 3157 Hierusalem
1339 3109 1457 3172 quaere

290 3210 401 3259 uemm
437 3196 558 3276 patrem
596 3195 688 3259 doum
733 3198 960 3280 contempserat
998 3194 1128 3261 dieitur:
1167 3198 1283 3278 pater
1324 3193 1420 3257 tuus

290 3298 544 3375 Amorraeus,
573 3300 615 3364 et
644 3303 771 3364 mater
799 3299 869 3363 tua
895 3297 1108 3376 Obettasa,
1130 3301 1162 3363 st
1184 3298 1216 3363 iu
1238 3295 1421 3382 euangelio:

290 3418 358 3465 uos
393 3419 437 3465 ex
472 3403 584 3483 patre
620 3400 782 3467 diabolo
818 3402 935 3481 ostis,
974 3404 1013 3466 et
1049 3400 1256 3467 desideria
1287 3397 1421 3481 patris

394 3563 407 3615 1
435 3560 465 3617 11
491 3560 550 3617 Cor.
578 3562 603 3629 4,
630 3564 664 3618 18
766 3564 783 3617 9
809 3562 882 3616 Phil.
909 3562 934 3628 3,
960 3562 995 3616 20
1096 3562 1130 3617 23
1157 3560 1253 3631 llphss.
1279 3562 1306 3627 2,
1332 3560 1349 3616 8

291 3644 326 3701 26
344 3645 438 3701 Eueoh.
459 3648 499 3715 16,
517 3648 535 3700 3
637 3650 672 3703 28
689 3647 748 3703 Iob.
766 3648 790 3713 8,
809 3648 845 3703 44

344 3791 426 3847 2sed
438 3809 505 3863 quae
516 3808 570 3847 uon
582 3793 709 3849 uidentur
727 3810 777 3849 ora.
795 3793 825 3847 D
916 3795 1000 3849 silla
1015 3793 1079 3851 Wo
1168 3794 1198 3848 in
1216 3799 1280 3849 oeae
1297 3809 1351 3865 qua
1368 3810 1424 3849 om.

297 3876 320 3931 0
410 3878 592 3951 bdirigamus
615 3880 667 3935 ΟΡ
753 3878 864 3934 8beati
880 3881 954 3951 pauli
970 3879 1131 3951 apostoliO
1220 3881 1422 3936 beoumnuioi·

291 3963 417 4033 patusO
518 3966 551 4026 10
568 3965 621 4035 bis]
638 3964 681 4019 his
699 3965 831 4035 igiturO
925 3965 1069 4021 solomonis
1087 3967 1134 4023 W¹
1163 3966 1307 4020 salamonis
1325 3968 1354 4022 P

292 4051 323 4105 ll
337 4050 577 4107 abrenuntiationis
588 4051 629 4107 D¹
722 4052 756 4105 12
773 4068 804 4107 ao
821 4068 872 4107 ora.
890 4052 975 4109 D'W
1066 4054 1099 4108 14
1110 4052 1298 4123 pronuntiatur
1310 4052 1351 4107 D¹

292 4136 325 4189 17
349 4137 428 4206 prode
446 4137 543 4192 eritO
645 4137 913 4208 naqu0m1que1>¹
1016 4140 1059 4209 ab]
1083 4140 1111 4194 in
1133 4156 1153 4194 s.
1176 4140 1194 4193 l.
1217 4140 1290 4195 Μ
1315 4138 1355 4195 W

291 4239 325 4294 aa
351 4238 392 4293 ru
417 4239 447 4294 n
553 4242 588 4297 as
614 4239 771 4297 rnrrrmo
877 4239 911 4295 ao
937 4257 1072 4297 amonem
1097 4241 1226 4299 owen
1327 4206 1420 4298 aroer

290 4342 321 4397 n
350 4342 455 4399 eausa
476 4344 516 4400 or
541 4344 634 4399 aare
654 4343 709 4400 ox
735 4308 809 4399 eia
825 4343 855 4399 P
953 4344 988 4399 ns
1008 4344 1117 4401 mauro
1138 4344 1191 4401 on
