3009 5200
308 437 372 504 288
694 434 861 488 Iohannis
884 432 1043 489 Cassiani

351 624 413 689 111.
442 626 527 690 lnter
554 624 611 688 bos
640 642 713 707 ergo
741 624 797 705 qni
810 622 869 687 boo
900 622 1122 688 detinebamur
1143 640 1246 688 errore
1268 620 1331 687 luit
1351 623 1438 688 anti-

312 729 480 813 quissimae
508 726 713 793 districtionis
741 731 836 808 atque
864 725 898 790 in
925 724 1043 791 actuali
1064 725 1230 808 disciplina
1253 724 1440 807 peremnia

312 835 546 897 consummatus
567 831 694 895 nomine
715 828 875 911 Sarapion,
901 830 989 893 euius
1009 829 1161 911 inperitia
1174 846 1270 910 snper
1282 828 1440 910 praedicti

309 936 465 1020 dogmatis
487 934 630 1018 opinione
645 936 771 997 tanturn
786 932 1021 1014 praeiudicabat
1038 934 1158 996 cunctis
1173 950 1283 997 ueram
1296 931 1438 995 tenenti·

309 1040 368 1103 bns
396 1037 500 1114 tidem,
533 1042 687 1120 qnantum
718 1036 785 1119 ipso
812 1038 865 1100 nel
892 1036 979 1099 uitae
1012 1037 1126 1100 merito
1158 1038 1211 1100 nel
1242 1034 1473 1117 antiqnitates

278 1144 459 1225 2temporis
487 1160 594 1206 omnes
620 1142 685 1205 lere
711 1140 878 1205 monachos
908 1140 1059 1205 anteibat.
1097 1156 1230 1221 cumque
1260 1138 1311 1203 bio
1333 1138 1439 1203 sancti

308 1245 482 1328 presbyteri
502 1245 642 1310 Patnntii
663 1245 774 1308 multis
800 1242 1070 1308 adhortationibus
1092 1244 1131 1307 ad
1154 1244 1314 1307 tramitem
1329 1244 1438 1308 rectae

308 1347 380 1413 fidei
407 1366 466 1413 non
496 1349 603 1430 posset
635 1346 758 1425 adduci,
787 1365 823 1411 eo
850 1347 932 1429 qnod
958 1345 1083 1410 nouella
1111 1345 1140 1409 ei
1168 1344 1244 1410 baec
1276 1348 1437 1428 pomario

309 1470 369 1517 nec
391 1454 430 1518 ab
451 1452 658 1517 anterioribus
679 1450 847 1533 aliqnando
874 1451 1024 1532 conperta
1047 1449 1100 1513 nel
1123 1449 1241 1515 tradita
1263 1450 1437 1529 uideretur,

309 1554 423 1621 accidit
456 1558 492 1619 ut
524 1554 651 1637 qnidam
688 1556 834 1619 diaconus
870 1570 1010 1619 summae
1043 1551 1194 1617 scientiae
1226 1553 1277 1617 uir
1309 1554 1473 1625 nominee

309 1657 463 1724 Photinus
484 1658 638 1723 desiderio
660 1656 785 1722 uidendi
807 1657 930 1731 fratres,
954 1658 1061 1741 quiin
1084 1657 1195 1721 eadem
1218 1656 1343 1721 heremo
1359 1673 1437 1721 oon-

309 1764 487 1842 manebant,
516 1764 554 1826 do
580 1761 797 1843 cappadociae
823 1761 966 1841 partibus
995 1762 1166 1826 adueniret
1203 1778 1297 1842 quem
1323 1760 1439 1825 boatus

310 1865 477 1930 Patnntius
504 1882 629 1928 summa
656 1864 869 1944 gratulatione
899 1865 1071 1947 suscipione
1099 1865 1138 1929 ad
1166 1864 1437 1944 confirmationem

310 1968 393 2046 fidei,
425 1986 505 2051 quae
540 1968 644 2033 fuerat
678 1968 830 2050 praedicti
866 1967 1022 2049 pontificis
1059 1969 1174 2033 litteris
1212 1970 1438 2051 conprehensa,

310 2074 483 2154 producens
515 2073 548 2136 in
579 2070 719 2136 modium
753 2088 858 2137 coram
899 2072 1018 2136 cunctis
1054 2072 1208 2137 fratribus
1245 2072 1472 2151 adsumtum

310 2175 568 2258 quemadmodum
604 2176 685 2240 illud
721 2176 803 2258 qnod
838 2176 871 2239 in
908 2176 1024 2243 Genesi
1061 2175 1190 2242 dicitnr:
1235 2175 1252 2239 f
1256 2178 1437 2241 aciamus

307 2280 503 2345 hominem
531 2280 576 2343 ad
604 2279 817 2363 imaginem
847 2281 885 2343 ot
911 2279 1224 2344 similitudinem
1247 2281 1437 2356 nostram,

278 2382 480 2450 3oatbolioae
507 2383 606 2447 totius
633 2382 774 2449 Orientis
803 2384 1083 2465 interpretarentur
1108 2383 1265 2447 ccclesiae.
1302 2400 1438 2465 cumque

308 2486 364 2552 ille
391 2504 455 2549 non
481 2487 652 2551 secundum
681 2486 836 2550 humilem
864 2485 989 2550 litterae
1015 2504 1137 2563 sonum,
1166 2487 1221 2551 sed
1247 2486 1438 2568 spiritaliter

309 2591 480 2674 imaginem
501 2588 553 2654 dei
575 2607 611 2655 ao
632 2588 871 2655 similitudinem
898 2590 981 2654 tradi
1003 2591 1042 2656 ab
1064 2590 1217 2656 uniuersis
1232 2588 1472 2660 seleucum„

308 2694 499 2779 principibus
537 2693 716 2776 explanaret
752 2692 845 2776 idque
881 2695 1000 2777 copioso
1039 2711 1180 2758 mamone
1216 2712 1253 2759 ac
1287 2693 1437 2776 plurimis

309 2798 534 2881 scripturarum
563 2796 752 2862 testimoniis
782 2797 992 2879 adprobasset,
1026 2815 1083 2862 noo
1102 2815 1192 2880 posse
1213 2799 1247 2864 in
1268 2797 1360 2862 illam
1382 2797 1437 2862 in-

308 2919 450 2965 mensam
479 2902 512 2964 et
539 2899 877 2982 inconprehensibilem
903 2905 996 2983 atque
1019 2900 1212 2966 innisibilern
1237 2901 1437 2965 maiestatem

309 3003 428 3087 aliquid
450 3003 628 3068 huiusmodi
648 3007 758 3069 cadere
779 3005 861 3086 qnod
882 3004 1020 3070 bumana
1041 3006 1250 3088 conpositione
1271 3005 1377 3070 ualeat
1400 3023 1437 3070 ao

308 3106 517 3171 similitudine
545 3107 771 3186 circumscribi,
806 3109 918 3192 qnippe
947 3127 1024 3190 quae
1054 3111 1234 3190 incorporea
1260 3111 1291 3173 ot
1324 3109 1471 3179 incon-as

307 3210 411 3294 posita
432 3209 624 3293 simplexque
646 3212 760 3276 nature
781 3211 824 3277 sit
846 3230 983 3295 quaeque
1010 3212 1091 3276 siout
1114 3213 1212 3276 oculis
1235 3211 1435 3295 deprehendi,

308 3314 355 3377 ita
386 3313 491 3377 mente
524 3331 587 3377 non
618 3314 726 3380 ualeat
759 3315 927 3394 aestimari,
965 3317 1093 3382 tandem
1127 3333 1218 3380 senex
1254 3315 1364 3380 multis
1400 3333 1437 3380 ac

308 3415 511 3534 ualidissimis
548 3417 722 3484 doctissimi
759 3420 819 3484 uiri
855 3419 1087 3486 adsertionibus
1124 3422 1228 3486 motus
1264 3420 1305 3485 ad
1340 3419 1437 3484 fidem

410 3603 445 3658 16
461 3601 529 3657 Gen
548 3605 572 3667 1,
589 3603 624 3658 26

359 3773 377 3826 2
399 3773 518 3828 datriot
546 3774 570 3829 0
671 3775 758 3846 adque
782 3779 808 3832 V
907 3779 925 3832 3
947 3783 1119 3834 consumatus
1142 3781 1168 3834 V
1268 3779 1392 3848 serapion
1410 3781 1435 3846 (e

307 3861 338 3913 ia
354 3875 410 3916 roe.
428 3876 464 3917 m.
483 3864 513 3928 2)
531 3861 583 3915 Xo
672 3863 857 3918 ttinentibns
879 3864 914 3918 V¹
1002 3865 1179 3920 6monachns
1201 3864 1228 3920 V
1311 3867 1435 3935 lpraea·

307 3945 358 4000 bit
379 3947 418 4001 W
446 3949 557 4015 presuit
584 3948 607 4003 0
709 3949 855 4018 paphnucii
878 3950 910 4004 X
1010 3952 1125 4007 adortat.
1148 3952 1204 4007 ΒΟ
1305 3951 1323 4004 8
1345 3951 1436 4020 posset

312 4029 406 4086 OPX:
440 4033 527 4101 possit
552 4035 612 4088 rell.
746 4035 777 4088 11
805 4035 908 4089 fotinus
938 4036 1060 4092 VDWP
1093 4037 1229 4092 martinus
1259 4037 1340 4093 Oen
1363 4051 1434 4092 corr.

306 4121 378 4172 nat
460 4119 638 4174 comanebant
658 4120 684 4173 V
769 4121 802 4174 12
819 4120 994 4190 cappadotr'ae
1015 4121 1102 4177 VDX
1185 4122 1321 4176 adniniret
1342 4122 1369 4177 V

307 4203 343 4256 13
357 4204 525 4272 paphnucius
538 4204 570 4258 X
664 4207 697 4260 15
707 4206 796 4260 medio
813 4207 849 4261 lV
943 4209 976 4262 19
993 4208 1154 4276 spiritaletir
1169 4206 1196 4262 V
1286 4207 1322 4262 20
1339 4208 1434 4262 aeoles.

305 4287 337 4342 D
420 4291 455 4342 21
472 4291 580 4360 cnpioso
597 4292 639 4346 Dl
732 4293 767 4346 22
785 4292 877 4348 scribt
899 4291 954 4348 VX
1046 4293 1080 4348 23
1098 4294 1183 4363 adque
1205 4291 1232 4350 V
1318 4293 1353 4347 26
1370 4293 1434 4347 eim-

306 4375 367 4443 plex
389 4375 428 4430 W
527 4378 606 4446 dont]
626 4380 690 4432 sunt
705 4378 747 4432 11¹
