3009 5200
495 453 657 512 conruere
677 454 710 519 v,
727 454 805 510 c-r.
1068 437 1072 448 ‘
1154 455 1214 520 ιε’(

83 645 238 710 melorum
262 645 407 711 omnium
430 647 570 725 uoueret,
592 643 627 708 in
647 660 709 726 que
730 642 848 708 iterum
869 645 1034 726 superstes
1048 642 1171 710 nullum
1185 645 1215 710 ei

82 749 195 813 uitium
226 767 265 813 ox
295 747 346 813 lris
373 766 452 831 quse
480 747 691 831 sequebantur
716 764 788 812 cem
809 764 905 812 susus
927 746 1077 831 ingerere,
1100 746 1215 830 quippe

82 871 156 935 qnae
178 853 319 917 uoueret
339 854 378 918 do
401 851 469 917 eins
490 850 597 916 rudius
619 868 655 916 uc
677 850 789 915 fomite
802 849 971 932 pullulere,
988 850 1028 915 nd
1042 852 1215 916 extremum

11 949 12 968 ³
82 955 246 1038 superbies
273 953 461 1020 trunsiliorit
481 955 664 1036 pudonem
694 971 758 1035 que
784 956 917 1019 uoueret
942 952 1039 1019 etiem
1060 953 1215 1036 periectos

62 1075 217 1142 equosque
248 1057 385 1123 deuictis
413 1055 557 1123 omnibns
578 1055 666 1121 uitiis
695 1072 788 1139 posse
807 1056 936 1139 pulsuri,
959 1075 1023 1140 que
1042 1057 1140 1122 etium
1161 1057 1214 1122 uel

82 1181 109 1226 se
129 1161 253 1244 ipsum,
282 1178 357 1226 cum
378 1163 461 1226 esset
483 1158 619 1236 Lucifer,
647 1159 701 1224 nol
722 1160 885 1242 conplures
905 1159 985 1226 ulios
1006 1160 1125 1244 ubsque
1147 1159 1213 1225 ullo

82 1265 287 1330 incitamento
309 1263 560 1346 praecedentium
574 1263 753 1344 passionum
769 1265 808 1328 de
822 1262 1012 1328 coelestibus
1026 1264 1214 1330 memineret

82 1366 250 1434 conruisue.
286 1367 373 1432 iuste
400 1365 484 1432 huuc
512 1383 586 1450 orgo
614 1383 708 1449 quem
736 1365 948 1448 praediximus
977 1365 1129 1451 ordinem,
1157 1365 1244 1449 quii

81 1469 117 1534 ab
138 1470 342 1555 eunngeliste
362 1470 448 1536 Luce
470 1468 668 1565 describitur,
687 1469 786 1535 etism
800 1473 869 1552 ipse
883 1468 1051 1535 inlicitetio
1066 1471 1098 1534 et
1113 1469 1214 1553 Quin

54 1575 341 1656 stemptstionunn,
364 1573 475 1655 quibus
497 1573 548 1638 uel
570 1571 662 1638 illum
686 1573 824 1656 primum
846 1571 899 1638 nel
918 1573 1018 1640 istum
1039 1576 1211 1640 secuudum

82 1679 181 1743 suem
195 1675 427 1742 callidissimus
440 1675 621 1760 adgreditur
636 1677 794 1756 inimicus,
809 1675 1044 1759 elegentissime
1058 1676 1212 1760 congruit.

10 1755 11 1824 l
82 1779 283 1862 illinsmqne
297 1780 390 1846 dicit:
407 1781 638 1864 operientur
652 1781 762 1846 oculi
776 1781 924 1857 nestri,
941 1780 1016 1846 huic
1029 1780 1214 1846 ostendit

81 1883 216 1948 omnin
252 1900 371 1967 regns
407 1883 539 1950 mundi
575 1888 614 1949 et
649 1883 820 1968 glorium
855 1901 995 1950 corum.
1039 1884 1083 1950 ibi
1119 1884 1214 1950 dicit:

83 1987 203 2052 eritis
227 1986 331 2052 sicut
352 1986 425 2070 dii,
448 1986 516 2052 hic:
539 1986 572 2052 si
594 1985 713 2052 lilius
736 1985 800 2052 dei
821 2004 872 2051 es.

55 2134 77 2174 n
120 2107 195 2172 VII.
230 2107 276 2172 lit
306 2111 342 2172 ut
374 2109 412 2172 de
445 2105 623 2172 efficientiis
658 2108 832 2173 ceterorum
867 2124 987 2191 quoque
1020 2109 1210 2191 passionum,

83 2227 218 2291 querum
251 2212 461 2277 normtionem
490 2209 676 2276 intercidere
708 2227 765 2276 nos
792 2210 942 2297 expositio
974 2211 1213 2296 gistrimnrgine

84 2313 131 2378 uel
163 2313 342 2380 dominicae
374 2314 589 2397 temptetiouis
625 2315 796 2379 recesserio
829 2313 979 2397 conpulit,
1013 2315 1121 2380 eodem
1152 2332 1213 2398 quo

84 2434 343 2500 proposueramus
372 2417 479 2482 ordino
505 2415 706 2494 disseremus,
740 2416 908 2482 cenodoxia
939 2418 1033 2500 utque
1066 2416 1214 2500 superbis

83 2520 174 2584 etiem
207 2521 276 2586 sine
302 2520 369 2586 ullo
397 2519 607 2586 consummnri
635 2519 738 2586 solunt
768 2519 944 2586 ministerio
979 2520 1141 2605 corporali.
1177 2521 1212 2585 in

56 2642 138 2705 equo
160 2626 251 2691 enim
274 2627 367 2707 egent
389 2625 510 2691 ectiom
532 2624 659 2709 cernuli,
683 2642 764 2707 qnos
785 2641 841 2706 pro
856 2623 1037 2690 coniuentie
1052 2625 1084 2689 et
1099 2626 1211 2690 uolun-

84 2730 142 2791 tste
164 2728 240 2792 sols
261 2728 486 2811 conquirendos
508 2728 611 2797 lundis
627 2732 659 2793 et
673 2727 829 2793 humenue
844 2727 963 2812 glories
980 2730 1210 2812 consequendae

84 2830 205 2895 ebnnds
227 2830 355 2898 ruinam
369 2833 521 2914 generunt
535 2833 657 2898 enimse
673 2830 873 2913 csptinetee?
886 2833 942 2895 ent
956 2848 1049 2913 quem
1064 2829 1242 2897 effectnm2

83 2932 195 2999 lubuit
222 2934 414 3018 corporalem
441 2934 594 3017 preedioti
622 2934 760 3000 Luciferi
787 2933 876 2999 illins
901 2934 1033 3017 entique
1053 2933 1211 3018 superbie,

83 3034 138 3101 nisi
160 3036 249 3118 qnod
271 3056 338 3104 enm
362 3038 581 3105 tantummodo
598 3039 703 3104 snimo
726 3042 760 3103 et
780 3037 970 3121 cogitetione
991 3040 1143 3121 concepit,
1166 3039 1212 3103 ite

57 3140 237 3222 rproplnete
266 3143 542 3209 commemorante:
572 3142 636 3224 qni
664 3142 827 3208 dicebas
857 3142 898 3206 in
925 3144 1145 3208 cordetuo:
1168 3143 1206 3206 in

83 3242 230 3308 ceolum
254 3245 527 3324 conscendam,
550 3262 667 3326 super
688 3248 798 3310 estre
818 3244 881 3311 dei
903 3261 1043 3328 ponem
1065 3246 1211 3310 solium

186 3456 221 3509 12
237 3453 308 3509 Gon.
324 3456 350 3521 3,
367 3456 393 3510 5.
420 3456 470 3509 ult
488 3456 548 3521 4,8
640 3456 673 3510 14
690 3454 757 3511 Gen.
774 3457 800 3523 3,
818 3457 843 3510 5.
870 3456 919 3509 ult
936 3456 998 3521 4,ss
1089 3454 1213 3511 Voltsei.

85 3540 122 3603 14,
141 3540 248 3594 13-14

133 3735 345 3805 leileiestO
433 3736 573 3806 2qniD¹
658 3739 828 3795 oemmmO
912 3738 1048 3794 ensnsD¹
1076 3741 1212 3795 ostensus

87 3820 123 3873 W
150 3836 233 3875 susus
251 3824 293 3875 est
309 3822 382 3877 P‘X
482 3822 499 3877 3
517 3840 547 3877 ec
565 3840 616 3878 om.
636 3824 659 3879 0
754 3825 851 3879 inmite
872 3825 898 3880 V
996 3823 1122 3895 dotium]
1140 3825 1212 3879 enim

85 3904 115 3969 0,
140 3906 191 3960 sed
208 3906 327 3961 Melum
413 3906 547 3975 perlectus
565 3908 589 3963 V
671 3910 689 3963 5
710 3925 814 3979 qnoque
831 3911 931 3965 deuicti
949 3911 990 3965 D¹
1076 3912 1093 3966 6
1116 3927 1144 3965 se
1161 3927 1213 3967 om.

85 3992 123 4045 D·
229 3992 246 4045 9
268 3992 428 4047 discribitur
455 3994 504 4051 W¹
606 3996 787 4050 inlicitetione
811 3997 835 4052 0
936 3996 971 4051 10
993 3998 1037 4052 uel
1059 3996 1137 4051 illurn
1158 3998 1212 4068 pri-

85 4094 156 4131 nnnm
180 4094 231 4133 ors.
255 4079 278 4134 0
381 4082 453 4133 stum
479 4081 513 4137 0¹
617 4082 651 4136 12
673 4082 863 4152 adaperientur
887 4084 919 4139 X
1019 4084 1053 4139 16
1077 4086 1208 4140 retionem

85 4162 114 4215 X
211 4162 374 4219 intercedere
397 4164 514 4220 W¹PX¹
617 4168 760 4237 lusuque
787 4168 839 4224 VP
939 4168 975 4224 20
997 4170 1150 4225 conibentis
1171 4170 1213 4225 1)ι

88 4248 110 4301 0
199 4248 230 4303 21
248 4249 460 4321 consequendos]
479 4252 672 4341 conquirepdee
693 4254 732 4309 lV
824 4256 858 4309 23
876 4254 1012 4325 corporeis
1029 4254 1060 4309 D
1150 4257 1214 4313 sub·

88 4365 173 4434 perbis
191 4368 227 4424 V'
327 4369 488 4438 ruptorem
510 4372 562 4427 VD
657 4379 853 4429 cdmemorunte
877 4374 904 4429 V
984 4374 1087 4431 dicibne
1108 4377 1143 4431 V¹
