3009 5200
283 468 348 535 596
673 466 841 523 Iohannis
860 465 1016 523 Cassiani

284 661 432 740 uergente
452 657 569 723 iudicio
590 658 791 734 declinemus,
816 658 963 723 solmonat
977 656 1102 721 dicens:
1128 655 1277 721 honora
1298 654 1411 720 deum

284 760 329 826 (le
359 761 440 825 tuis
469 760 592 827 iustis
613 761 833 833 laboribus,
863 762 902 823 et
924 758 1056 825 deliba
1079 760 1113 823 ei
1136 759 1180 824 de
1202 757 1411 824 fructibus

284 864 471 929 iustitiae
494 864 598 929 tuae.
635 865 752 929 etenim
778 862 950 927 residetis
972 864 1161 927 conscientia
1182 862 1411 929 nostrainoor·

284 971 395 1049 ruptus
418 965 544 1050 quidem
565 984 603 1033 ac
625 984 719 1031 uerus
738 967 840 1045 indes,
863 964 916 1049 qui
938 984 1171 1047 nonnumquam
1201 984 1295 1048 super
1322 964 1413 1029 statu

285 1071 431 1153 puritatis
463 1073 590 1135 nostrae
623 1070 746 1135 cunctis
774 1069 951 1135 errantibus
980 1069 1066 1134 solus
1094 1070 1159 1150 ipse
1188 1086 1250 1133 non
1277 1066 1446 1133 fallitura

255 1171 370 1239 temni
392 1174 490 1254 igitur
511 1173 657 1238 cautione
680 1175 775 1253 atque
804 1171 945 1237 sollertia
965 1171 1049 1254 iugis
1072 1170 1289 1255 circumspecti
1312 1170 1413 1235 cordis

285 1280 425 1342 seruetur
458 1275 605 1357 intentio,
630 1294 670 1339 ne
698 1293 759 1357 qno
789 1275 879 1341 modo
912 1273 1030 1340 indicio
1062 1278 1186 1339 nostrae
1215 1272 1413 1339 discretionis

286 1384 407 1446 amante
427 1384 484 1445 aut
504 1378 750 1445 inconsideratae
772 1379 981 1445 continentiae
998 1379 1170 1460 cupiditate
1191 1376 1333 1441 succensi
1355 1375 1414 1441 aut

285 1483 440 1549 desiderio
462 1482 579 1547 nimiae
593 1483 787 1547 remissionis
802 1480 910 1547 inlecti
925 1482 1137 1547 substantiam
1152 1480 1270 1546 uirium
1285 1483 1412 1545 nostra·

285 1606 355 1653 rum
378 1588 419 1651 au
433 1588 559 1669 iniquae
575 1588 712 1651 trutinae
728 1586 880 1651 libremus
895 1604 1036 1669 mannen,
1051 1586 1105 1650 secl
1120 1585 1154 1650 in
1168 1584 1269 1649 altera
1283 1584 1413 1665 quidem
1423 1610 1452 1649 ιο,

284 1693 374 1757 laneo
393 1688 519 1755 animae
538 1691 718 1773 puritatem,
744 1690 777 1755 in
800 1690 898 1755 altera
920 1693 1026 1753 autem
1048 1688 1131 1753 uires
1153 1686 1288 1770 corporis
1305 1688 1413 1751 conlo·

287 1797 390 1861 cantes
420 1794 466 1858 its
492 1810 568 1857 uero
588 1792 792 1858 conscientiae
814 1790 931 1858 iudicio
960 1796 1092 1873 utraque
1114 1791 1297 1873 pendamus,
1319 1791 1358 1854 ut
1380 1791 1414 1853 iu

286 1902 429 1963 neutram
463 1899 584 1977 partem
616 1895 711 1960 unius
743 1896 789 1960 rei
818 1894 943 1959 adfectu
973 1893 1237 1976 praeponderante
1270 1894 1415 1973 peruersi

286 2001 339 2065 uel
367 1999 406 2067 ad
435 1998 627 2064 inmodicam
655 1997 883 2065 districtionem
907 1998 958 2064 uel
981 2001 1020 2063 sd
1044 1998 1173 2062 nimiam
1194 1995 1414 2061 remissionom

286 2104 456 2186 aequitatis
489 2102 605 2169 libram
632 2103 815 2185 propensius
842 2101 1043 2181 inclinemus,
1073 2103 1104 2165 ct
1130 2101 1213 2167 illud
1240 2098 1329 2163 nobis
1359 2096 1449 2165 uelis

286 2225 342 2291 pro
363 2206 556 2271 remissionis
577 2208 630 2272 uel
651 2225 707 2289 pro
722 2204 928 2271 districtionis
948 2205 1114 2270 nimietate
1128 2203 1266 2269 dicatur:
1289 2218 1413 2267 nonne

286 2310 454 2375 sirecte
475 2302 1414 2387 offeras,nonreoteautemdiuides‚peccastis

257 2405 359 2479 4illas
382 2413 498 2479 etenim
519 2412 705 2477 ieiuniorum
719 2412 879 2487 uictimas,
905 2430 983 2494 quas
998 2411 1085 2476 nobis
1101 2410 1242 2477 uiolenta
1255 2410 1413 2474 uncorum

289 2515 487 2583 conuulsiono
518 2515 746 2581 inconsiderate
779 2516 997 2598 extorquentes
1028 2514 1152 2579 domino
1181 2515 1267 2577 reete
1299 2510 1411 2575 offerre

288 2641 344 2688 nos
393 2621 560 2706 credimus,
608 2621 665 2686 illo
713 2620 768 2703 qui
818 2619 965 2700 diligit
1014 2615 1330 2684 misericordiam
1373 2614 1450 2678 etse

287 2724 478 2791 iudicium
521 2728 684 2790 execratur
731 2723 851 2789 dicens:
899 2741 968 2804 ego
1012 2723 1193 2786 dominus
1237 2717 1413 2800 diligens

288 2828 495 2905 iudicium,
518 2829 605 2893 odio
625 2827 778 2891 liabens
799 2824 980 2906 rapinam
1003 2827 1043 2890 in
1065 2822 1306 2888 holocausto.
1340 2819 1411 2884 illos

288 2932 385 2997 etiam
407 2935 461 3013 qui
482 2930 676 2997 oblationum
698 2929 801 2995 idest
823 2927 998 2993 officiorum
1020 2931 1113 3009 atque
1133 2929 1261 2992 actuum
1283 2941 1412 2990 suornm

288 3035 452 3118 praecipua
478 3033 518 3100 ad
545 3033 647 3099 fotum
675 3033 779 3098 carnis
802 3035 896 3115 atque
922 3049 996 3096 usus
1019 3030 1157 3113 proprios
1177 3029 1414 3112 praesumentes

289 3137 438 3219 reliquias
460 3155 565 3202 eorum
585 3137 764 3203 dominoco
778 3136 942 3202 minimam
964 3135 1107 3201 deferunt
1122 3135 1306 3216 portionem,
1326 3131 1450 3196 uelutis

340 3461 363 3515 Ε
393 3375 507 3515 ΙΡῙΜῑέ
521 3375 547 3441 3,
564 3375 583 3429 9
600 3375 695 3444 (LXX)
772 3375 804 3430 16
823 3373 888 3430 Gen.
906 3375 932 3442 4,
951 3376 967 3429 'l
986 3371 1080 3443 (LXX)
1155 3365 1347 3438 corusco

289 3463 322 3518 21
364 3462 412 3516 sai.
430 3463 472 3528 61,

342 3690 532 3757 lnergentsm
548 3686 619 3742 ΒΡ
720 3689 857 3742 ammonet
873 3685 901 3740 Β
931 3684 1076 3740 admoneus
1093 3683 1134 3738 Κι
1239 3665 1303 3736 dl'im
1325 3679 1349 3734 0

289 3773 513 3830 tconscientiam
527 3772 567 3827 Ρ
652 3773 771 3835 nostram
784 3771 862 3826 ΒΨ
947 3770 965 3824 4
982 3784 1128 3838 numquam
1146 3767 1186 3822 Βι
1272 3766 1289 3820 6
1306 3765 1418 3822 solertia

289 3861 307 3932 β
391 3859 406 3914 'l
424 3874 529 3928 quoquo
546 3858 624 3914 modo
642 3858 679 3912 Z’
765 3858 783 3912 8
799 3855 996 3912 inconsiderata
1013 3855 1071 3912 BF
1158 3854 1175 3907 9
1192 3853 1346 3907 nostrarum
1363 3851 1416 3904 ini·

290 3995 356 4050 quae
382 3981 502 4033 brutium
526 3979 600 4047 (trot.
627 3977 669 4032 K¹
694 3943 814 4033 maliis
844 3977 877 4045 0)
903 3975 1097 4030 examinatione
1122 3973 1251 4028 libremus
1281 3969 1349 4040 Oto

293 4066 322 4120 ll
341 4068 430 4120 sutem
450 4079 498 4120 ora.
522 4064 590 4133 Olio
683 4064 717 4118 12
733 4063 863 4120 scientiae
880 4061 940 4117 BF
1031 4061 1064 4115 14
1081 4059 1244 4114 inmodicam
1265 4057 1300 4113 0:
1330 4055 1417 4109 modi·

290 4167 349 4206 cam
374 4151 435 4206 rell.
537 4151 658 4206 testrict.
685 4151 717 4205 F
820 4151 855 4204 15
881 4149 1055 4218 aequalitatis
1081 4148 1121 4217 llo
1229 4145 1293 4218 illut
1319 4143 1349 4196 B

291 4237 325 4290 16
350 4237 472 4292 imtrict
497 4237 528 4292 F
627 4237 660 4290 Π
684 4237 813 4305 ρωωεϋε
839 4233 910 4290 ΒΨ
1011 4233 1044 4288 19
1070 4231 1269 4288 conuulsionem
1293 4229 1351 4283 BF

291 4324 324 4380 21
342 4325 527 4393 exsecuturi
607 4323 742 4378 catomo
761 4321 1060 4392 nemetensem.
1125 4317 1263 4387 ibatque
1280 4315 1330 4381 10,
1349 4315 1414 4370 uses

291 4410 371 4478 infra
471 4411 506 4465 25
522 4410 634 4465 nimiam
652 4409 710 4464 BF
735 4409 891 4464 minimaO
992 4406 1072 4462 uelud
1090 4406 1130 4461 K¹
