3009 5200
482 439 640 495 Oouistio
663 438 752 503 XXII,
771 439 847 494 Η.
1164 440 1224 505 621

100 633 229 717 petione
250 631 463 715 praesumunt,
490 630 688 695 infirmentur
717 630 777 696 fide
800 632 832 695 et
854 630 994 697 inbecilli
1016 630 1090 695 sunt
1112 631 1224 707 mente,

101 736 284 819 passionum
311 734 432 801 scilicet
460 733 664 817 languoribus
693 734 841 813 inuoluti,
872 738 903 799 et
934 732 1093 798 dormiunt
1119 749 1225 798 somne

101 842 232 922 peceati,
256 839 295 904 eb
317 840 376 905 hoe
396 854 504 921 sopore
524 838 613 904 detuli
635 855 831 921 nequequam
855 836 986 902 seluteri
1015 834 1226 901 sollicitudine

102 944 308 1026 resurgentes.
333 943 444 1008 deinde
459 944 615 1025 sequitur:
630 942 769 1024 quodsi
785 944 937 1006 nosmet
952 940 1060 1023 ipsos
1076 938 1258 1003 iudice-4

80 1064 247 1124 eremus,
281 1066 355 1113 uon
388 1046 527 1129 utique
558 1045 846 1111 iudicaremur:
879 1045 937 1109 hec
969 1044 1017 1107 eet
1051 1042 1078 1106 si
1105 1044 1227 1107 nosmet

102 1150 187 1232 ipsos
230 1150 425 1232 perceptione
468 1152 742 1227 seorementcrum,
791 1147 1063 1231 quotienscumque
1108 1145 1227 1228 pecocti

103 1253 235 1318 uulnere
278 1254 505 1335 praemimur,
543 1253 753 1318 indiceremus
795 1251 949 1336 indignos,
989 1250 1227 1334 inpenderemus

103 1356 214 1438 utique
247 1357 396 1437 studium,
430 1359 467 1421 ut
499 1374 553 1440 per
575 1356 787 1440 poenitudinis
821 1354 1065 1419 emendationem
1093 1354 1131 1418 ed
1160 1368 1226 1415 sem

105 1459 197 1540 digne
220 1476 377 1543 possemus
399 1462 553 1539 moenere,
577 1463 611 1526 et
625 1478 686 1525 neu
705 1464 869 1542 temquem
883 1458 1004 1542 indigni
1020 1455 1227 1523 seuerissimis

68 1564 327 1630 »infirmitatum
356 1563 464 1647 flagris
494 1566 720 1647 castigaremur
749 1581 768 1628 e
797 1561 931 1641 domine,
958 1561 996 1624 ut
1016 1559 1069 1625 uel
1090 1560 1135 1624 sie
1155 1576 1228 1623 eon-

103 1668 216 1752 puncti
238 1670 276 1734 ed
301 1670 436 1734 remedie
457 1672 635 1734 nostrorum
662 1668 827 1732 uulnerum
850 1682 1056 1743 reminemus,
1080 1681 1118 1727 ne
1142 1660 1229 1743 digni

104 1774 276 1855 proesentis
299 1773 416 1837 seecuii
438 1772 624 1837 breuissime
648 1771 837 1853 correptione
860 1787 922 1835 non
945 1769 1046 1834 habiti
1067 1768 1100 1831 in
1123 1766 1228 1831 futuro

104 1877 200 1942 simul
214 1896 286 1941 oum
300 1878 391 1941 huius
405 1875 514 1940 mundi
528 1875 740 1957 peccatoribus
756 1874 1006 1941 condemnemur.
1038 1869 1119 1955 quod
1133 1868 1258 1937 eticm5

103 1982 137 2044 in
149 1978 290 2044 Leuitico
301 1979 439 2043 euidenti
450 1978 685 2043 denuntiatione
696 1978 904 2060 praecipitur:
921 1995 977 2042 orn
987 1974 1046 2039 nis
1063 1972 1229 2037 mundus

68 2083 361 2147 remanducebit
390 2100 540 2160 cernes,
578 2084 616 2146 et
648 2080 776 2146 suime
809 2096 1075 2164 quaecumque
1109 2094 1227 2141 ceme-

103 2187 213 2250 derit
249 2186 292 2250 de
329 2184 512 2250 carnibus
553 2185 751 2251 sacrificii
795 2183 988 2250 saluteris
1032 2179 1131 2264 quod
1169 2180 1229 2242 est

104 2288 263 2371 domini,
305 2288 346 2353 iu
389 2306 462 2371 que
498 2290 559 2353 set
602 2288 866 2364 inmunditia,
911 2284 1065 2369 peribit
1101 2299 1229 2349 cerem

104 2392 268 2456 domino.
325 2392 358 2455 in
395 2392 632 2457 Deuteronomio
677 2409 798 2474 quoque
834 2408 853 2454 e
889 2387 1081 2478 spiritulibus
1119 2384 1229 2450 cestris

101 2495 273 2560 inmundus
308 2494 458 2559 similiter
493 2496 634 2578 mystice>
667 2495 868 2577 segregetur:
907 2495 939 2558 si
976 2492 1076 2575 quis,
1114 2487 1227 2571 inquit,

65 2598 214 2662 reintsr
235 2615 303 2663 noe
325 2595 450 2673 homo,
474 2597 539 2680 qui
562 2600 758 2662 nocturno
780 2596 965 2680 pollutus
987 2597 1039 2661 sit
1063 2592 1228 2670 somnio,

102 2699 336 2783 egredietur
357 2704 467 2770 extre
488 2704 637 2784 cestre,
669 2704 705 2765 et
736 2719 810 2765 nou
840 2701 1083 2774 reuertetur,
1105 2698 1229 2780 prius-

102 2822 216 2885 qusm
249 2803 297 2868 ed
339 2822 543 2885 uesperam
572 2803 763 2868 ebluetur
801 2821 914 2886 eque:
952 2805 1095 2886 etpost
1134 2801 1230 2868 solis

101 2924 283 2971 occasum
306 2906 561 2989 regredietur
583 2907 624 2972 in
645 2900 790 2972 cestre.

147 3007 203 3072 VI.
228 3009 344 3074 Verum
374 3011 411 3073 ut
439 3008 635 3074 manifestius
665 3009 863 3091 adprobetur,
886 3009 968 3092 quod
990 3009 1086 3074 etiem
1107 3008 1229 3074 inimici

68 3111 242 3176 reiectione
256 3129 487 3195 nonnumquam
503 3113 581 3176 heec
591 3112 735 3177 elicietur
746 3112 915 3195 inpunitas:
931 3114 1075 3178 nouimus
1088 3113 1229 3191 fratrem,

102 3215 158 3295 qui
180 3231 253 3278 cnm
274 3216 491 3281 castimoniam
515 3215 614 3280 cordis
636 3220 668 3280 et
690 3217 829 3299 eorporis
851 3233 974 3281 summe
997 3217 1229 3300 circumspecti·

102 3335 162 3381 one
187 3317 280 3399 etque
301 3317 483 3384 humilitate
505 3319 708 3401 promeritam
732 3320 849 3403 iugiter
863 3321 1034 3402 possideret
1055 3339 1091 3383 cc
1112 3337 1228 3402 neque-

102 3436 198 3502 quem
222 3423 382 3486 nocturnis
409 3420 675 3487 ludificetionibus
705 3424 923 3505 temptaretur,
955 3423 1229 3506 quotienscumque

207 3605 225 3658 4
240 3605 259 3658 l.
272 3622 295 3660 e.
307 3607 338 3660 31
411 3608 445 3661 14
462 3606 525 3660 Lev.
538 3607 562 3671 7,
577 3606 679 3662 19-20
692 3607 787 3674 (Lxx)
859 3609 890 3662 19
908 3609 988 3662 Dent.
1002 3609 1044 3674 23,
1058 3609 1162 3663 10-11

156 3773 325 3828 linbeocilli
342 3774 370 3829 Β
396 3775 521 3830 imbioilli
538 3776 609 3830 K¹Z
694 3776 931 3845 tlengoribusO
1019 3780 1054 3849 et]
1074 3779 1162 3836 sedO

100 3860 347 3915 ⁴idiiudicoremus
363 3862 425 3917 B'e
442 3868 470 3915 et
490 3861 610 3932 Vulgata
718 3863 923 3932 bueutiqueo
1024 3867 1230 3934 ipenderemus

101 3947 143 4000 Β·
246 3947 344 4000 tieem
366 3948 432 4013 (sori.
457 3949 658 4016 perceptionem)
680 3947 761 4003 BF¹=
796 3965 826 4003 ee
849 3949 957 4022 F¹Oflc
1060 3953 1230 4022 9possimus

104 4031 152 4101 Οβ
254 4032 461 4102 101113τίεῶη
563 4035 727 4103 oestigemur
750 4035 781 4089 F
882 4039 914 4091 11
938 4052 1101 4092 recummnr
1123 4039 1162 4092 Β1

103 4119 138 4172 15
159 4117 334 4172 menduceuit
356 4118 425 4173 ΒΚι
529 4120 561 4173 1‘1
584 4121 613 4174 in
636 4121 731 4191 quod
834 4123 868 4177 18
889 4122 972 4179 ebo
1075 4125 1108 4179 19
1125 4125 1230 4188 mistice

103 4203 158 4259 FO
259 4205 321 4273 quis
338 4204 431 4260 BFO:
460 4205 545 4259 fuerit
560 4205 599 4273 βυ
692 4205 787 4275 inquid
806 4208 954 4264 BFOK¹Z
1052 4209 1084 4264 21
1104 4210 1170 4265 foris
1188 4225 1230 4263 ex-

104 4294 149 4343 tre
176 4289 200 4345 0
302 4289 336 4343 12
361 4290 487 4345 ebluetur
514 4288 663 4358 (λούσεται)
688 4293 718 4362 βε
753 4295 860 4350 leuetur
885 4295 966 4352 ΒΕΘ
991 4302 1017 4352 et
1043 4295 1164 4366 Veromo

102 4375 139 4431 28
155 4377 366 4446 quotiensqued
