<?xml version="1.0" encoding="UTF-8"?>
<!DOCTYPE html PUBLIC "-//W3C//DTD XHTML 1.0 Transitional//EN"
    "http://www.w3.org/TR/xhtml1/DTD/xhtml1-transitional.dtd">
<html xmlns="http://www.w3.org/1999/xhtml" xml:lang="en" lang="en">
 <head>
  <title>
</title>
<meta http-equiv="Content-Type" content="text/html;charset=utf-8" />
  <meta name='ocr-system' content='tesseract 3.04.00' />
  <meta name='ocr-capabilities' content='ocr_page ocr_carea ocr_par ocr_line ocrx_word'/>
</head>
<body>
  <div class='ocr_page' id='page_1' title='image "./corpusscriptoru14wiengoog_0455.png"; bbox 0 0 3009 5200; ppageno 0'>
   <div class='ocr_carea' id='block_1_1' title="bbox 473 421 1218 490">
    <p class='ocr_par' dir='ltr' id='par_1_1' title="bbox 473 421 1218 490">
     <span class='ocr_line' id='line_1_1' title="bbox 473 421 1218 490; baseline 0.015 -10"><span class='ocrx_word' id='word_1_1' title='bbox 473 421 637 480; x_wconf 81' lang='lat' dir='ltr'><strong>Goniatio</strong></span> <span class='ocrx_word' id='word_1_2' title='bbox 661 421 739 486; x_wconf 84' lang='lat' dir='ltr'>x111,</span> <span class='ocrx_word' id='word_1_3' title='bbox 761 422 837 476; x_wconf 84' lang='lat' dir='ltr'><strong>3-o.</strong></span> <span class='ocrx_word' id='word_1_4' title='bbox 1156 425 1218 490; x_wconf 77' lang='lat'><strong>365</strong></span> 
     </span>
    </p>
   </div>
   <div class='ocr_carea' id='block_1_2' title="bbox 5 611 1247 3689">
    <p class='ocr_par' dir='ltr' id='par_1_2' title="bbox 74 611 1218 1204">
     <span class='ocr_line' id='line_1_2' title="bbox 95 611 1218 693; baseline 0.001 -17"><span class='ocrx_word' id='word_1_5' title='bbox 95 611 246 678; x_wconf 89' lang='lat' dir='ltr'><strong>oeruioe</strong></span> <span class='ocrx_word' id='word_1_6' title='bbox 269 611 306 677; x_wconf 88' lang='lat' dir='ltr'><strong>et</strong></span> <span class='ocrx_word' id='word_1_7' title='bbox 329 611 628 678; x_wconf 88' lang='lat' dir='ltr'><strong>inoiranmoisis</strong></span> <span class='ocrx_word' id='word_1_8' title='bbox 644 616 680 678; x_wconf 90' lang='lat' dir='ltr'><strong>nt</strong></span> <span class='ocrx_word' id='word_1_9' title='bbox 695 613 847 693; x_wconf 86' lang='lat' dir='ltr'><strong>seriptum</strong></span> <span class='ocrx_word' id='word_1_10' title='bbox 869 615 918 676; x_wconf 91' lang='lat' dir='ltr'><strong>est</strong></span> <span class='ocrx_word' id='word_1_11' title='bbox 933 611 1097 678; x_wconf 88' lang='lat' dir='ltr'><strong>auribus</strong></span> <span class='ocrx_word' id='word_1_12' title='bbox 1118 613 1218 678; x_wconf 84' lang='lat' dir='ltr'><strong>eidem</strong></span> 
     </span>
     <span class='ocr_line' id='line_1_3' title="bbox 94 713 1218 798; baseline 0.001 -19"><span class='ocrx_word' id='word_1_13' title='bbox 94 713 273 780; x_wconf 76' lang='lat' dir='ltr'>resistentes</span> <span class='ocrx_word' id='word_1_14' title='bbox 296 734 350 798; x_wconf 87' lang='lat' dir='ltr'><strong>per</strong></span> <span class='ocrx_word' id='word_1_15' title='bbox 371 715 563 782; x_wconf 78' lang='lat' dir='ltr'><strong>Hieremiam</strong></span> <span class='ocrx_word' id='word_1_16' title='bbox 586 733 762 780; x_wconf 90' lang='lat' dir='ltr'><strong>mereamur</strong></span> <span class='ocrx_word' id='word_1_17' title='bbox 788 715 911 780; x_wconf 80' lang='lat' dir='ltr'><strong>audire:</strong></span> <span class='ocrx_word' id='word_1_18' title='bbox 944 716 1131 798; x_wconf 87' lang='lat' dir='ltr'><strong>numquid</strong></span> <span class='ocrx_word' id='word_1_19' title='bbox 1153 717 1218 798; x_wconf 91' lang='lat' dir='ltr'><strong>qni</strong></span> 
     </span>
     <span class='ocr_line' id='line_1_4' title="bbox 94 818 1217 902; baseline 0 -18"><span class='ocrx_word' id='word_1_20' title='bbox 94 818 215 896; x_wconf 83' lang='lat' dir='ltr'><strong>radit,</strong></span> <span class='ocrx_word' id='word_1_21' title='bbox 253 836 328 884; x_wconf 88' lang='lat' dir='ltr'><strong>non</strong></span> <span class='ocrx_word' id='word_1_22' title='bbox 363 819 569 902; x_wconf 74' lang='lat' dir='ltr'><strong>resurget?</strong></span> <span class='ocrx_word' id='word_1_23' title='bbox 615 822 681 884; x_wconf 87' lang='lat' dir='ltr'><strong>aut</strong></span> <span class='ocrx_word' id='word_1_24' title='bbox 718 821 784 900; x_wconf 89' lang='lat' dir='ltr'><strong>qni</strong></span> <span class='ocrx_word' id='word_1_25' title='bbox 826 837 994 884; x_wconf 87' lang='lat' dir='ltr'><strong>auersus</strong></span> <span class='ocrx_word' id='word_1_26' title='bbox 1032 823 1108 897; x_wconf 84' lang='lat' dir='ltr'><strong>est,</strong></span> <span class='ocrx_word' id='word_1_27' title='bbox 1146 837 1217 885; x_wconf 92' lang='lat' dir='ltr'><strong>non</strong></span> 
     </span>
     <span class='ocr_line' id='line_1_5' title="bbox 93 923 1217 1005; baseline 0.002 -19"><span class='ocrx_word' id='word_1_28' title='bbox 93 924 342 990; x_wconf 79' lang='lat' dir='ltr'><strong>reuertatur?</strong></span> <span class='ocrx_word' id='word_1_29' title='bbox 372 939 490 1005; x_wconf 88' lang='lat' dir='ltr'><strong>qnare</strong></span> <span class='ocrx_word' id='word_1_30' title='bbox 520 939 610 1004; x_wconf 81' lang='lat' dir='ltr'><strong>ergo</strong></span> <span class='ocrx_word' id='word_1_31' title='bbox 642 939 814 988; x_wconf 88' lang='lat' dir='ltr'><strong>auersus</strong></span> <span class='ocrx_word' id='word_1_32' title='bbox 843 929 903 986; x_wconf 87' lang='lat' dir='ltr'><strong>est</strong></span> <span class='ocrx_word' id='word_1_33' title='bbox 932 923 1105 1004; x_wconf 90' lang='lat' dir='ltr'><strong>populns</strong></span> <span class='ocrx_word' id='word_1_34' title='bbox 1139 926 1217 988; x_wconf 89' lang='lat' dir='ltr'><strong>iste</strong></span> 
     </span>
     <span class='ocr_line' id='line_1_6' title="bbox 74 1023 1215 1091; baseline 0.001 -1"><span class='ocrx_word' id='word_1_35' title='bbox 74 1025 129 1090; x_wconf 73' lang='lat' dir='ltr'><strong>tin</strong></span> <span class='ocrx_word' id='word_1_36' title='bbox 174 1025 429 1091; x_wconf 76' lang='lat' dir='ltr'><strong>Hierusalem</strong></span> <span class='ocrx_word' id='word_1_37' title='bbox 479 1027 684 1091; x_wconf 77' lang='lat' dir='ltr'><strong>emersione</strong></span> <span class='ocrx_word' id='word_1_38' title='bbox 736 1023 1010 1091; x_wconf 78' lang='lat' dir='ltr'><strong>contentioso?</strong></span> <span class='ocrx_word' id='word_1_39' title='bbox 1061 1027 1215 1091; x_wconf 89' lang='lat' dir='ltr'><strong>indura·</strong></span> 
     </span>
     <span class='ocr_line' id='line_1_7' title="bbox 92 1128 992 1204; baseline -0.002 -10"><span class='ocrx_word' id='word_1_40' title='bbox 92 1130 235 1194; x_wconf 89' lang='lat' dir='ltr'><strong>nerunt</strong></span> <span class='ocrx_word' id='word_1_41' title='bbox 257 1128 438 1194; x_wconf 91' lang='lat' dir='ltr'><strong>oeruiees</strong></span> <span class='ocrx_word' id='word_1_42' title='bbox 461 1145 564 1204; x_wconf 86' lang='lat' dir='ltr'><strong>suae,</strong></span> <span class='ocrx_word' id='word_1_43' title='bbox 588 1128 805 1194; x_wconf 87' lang='lat' dir='ltr'><strong>noluerunt</strong></span> <span class='ocrx_word' id='word_1_44' title='bbox 827 1128 992 1194; x_wconf 90' lang='lat' dir='ltr'><strong>reuerti.</strong></span> 
     </span>
    </p>

    <p class='ocr_par' dir='ltr' id='par_1_3' title="bbox 92 1230 1217 1520">
     <span class='ocr_line' id='line_1_8' title="bbox 131 1230 1217 1314; baseline 0 -18"><span class='ocrx_word' id='word_1_45' title='bbox 131 1232 210 1296; x_wconf 90' lang='lat'>1111.</span> <span class='ocrx_word' id='word_1_46' title='bbox 234 1249 434 1298; x_wconf 67' lang='lat' dir='ltr'><strong>annusve:</strong></span> <span class='ocrx_word' id='word_1_47' title='bbox 459 1231 542 1296; x_wconf 89' lang='lat' dir='ltr'><strong>Huio</strong></span> <span class='ocrx_word' id='word_1_48' title='bbox 564 1231 680 1308; x_wconf 84' lang='lat' dir='ltr'><strong>sensui,</strong></span> <span class='ocrx_word' id='word_1_49' title='bbox 705 1232 793 1296; x_wconf 87' lang='lat' dir='ltr'><strong>onius</strong></span> <span class='ocrx_word' id='word_1_50' title='bbox 815 1232 917 1314; x_wconf 87' lang='lat' dir='ltr'><strong>pietas</strong></span> <span class='ocrx_word' id='word_1_51' title='bbox 939 1233 1070 1314; x_wconf 75' lang='lat' dir='ltr'><strong>abrupte</strong></span> <span class='ocrx_word' id='word_1_52' title='bbox 1092 1230 1217 1296; x_wconf 86' lang='lat' dir='ltr'><strong>anobis</strong></span> 
     </span>
     <span class='ocr_line' id='line_1_9' title="bbox 92 1333 1216 1418; baseline -0.004 -18"><span class='ocrx_word' id='word_1_53' title='bbox 92 1353 150 1402; x_wconf 90' lang='lat' dir='ltr'><strong>non</strong></span> <span class='ocrx_word' id='word_1_54' title='bbox 174 1335 277 1418; x_wconf 86' lang='lat' dir='ltr'><strong>potest</strong></span> <span class='ocrx_word' id='word_1_55' title='bbox 298 1335 467 1416; x_wconf 88' lang='lat' dir='ltr'><strong>inprobari,</strong></span> <span class='ocrx_word' id='word_1_56' title='bbox 491 1335 570 1400; x_wconf 91' lang='lat' dir='ltr'><strong>illud</strong></span> <span class='ocrx_word' id='word_1_57' title='bbox 589 1335 709 1400; x_wconf 86' lang='lat' dir='ltr'><strong>uidetur·</strong></span> <span class='ocrx_word' id='word_1_58' title='bbox 725 1333 878 1399; x_wconf 84' lang='lat' dir='ltr'><strong>obsistere</strong></span> <span class='ocrx_word' id='word_1_59' title='bbox 893 1335 974 1416; x_wconf 86' lang='lat' dir='ltr'><strong>qnod</strong></span> <span class='ocrx_word' id='word_1_60' title='bbox 989 1335 1029 1398; x_wconf 83' lang='lat' dir='ltr'><strong>ad</strong></span> <span class='ocrx_word' id='word_1_61' title='bbox 1045 1334 1216 1399; x_wconf 86' lang='lat' dir='ltr'><strong>destrueti-</strong></span> 
     </span>
     <span class='ocr_line' id='line_1_10' title="bbox 92 1437 1217 1520; baseline -0.002 -16"><span class='ocrx_word' id='word_1_62' title='bbox 92 1457 182 1504; x_wconf 89' lang='lat' dir='ltr'><strong>onem</strong></span> <span class='ocrx_word' id='word_1_63' title='bbox 210 1437 304 1502; x_wconf 89' lang='lat' dir='ltr'><strong>liberi</strong></span> <span class='ocrx_word' id='word_1_64' title='bbox 334 1439 434 1502; x_wconf 91' lang='lat' dir='ltr'><strong>tendit</strong></span> <span class='ocrx_word' id='word_1_65' title='bbox 460 1437 595 1503; x_wconf 88' lang='lat' dir='ltr'><strong>arbitrii.</strong></span> <span class='ocrx_word' id='word_1_66' title='bbox 634 1455 705 1502; x_wconf 87' lang='lat' dir='ltr'><strong>nam</strong></span> <span class='ocrx_word' id='word_1_67' title='bbox 730 1454 802 1502; x_wconf 88' lang='lat' dir='ltr'><strong>anm</strong></span> <span class='ocrx_word' id='word_1_68' title='bbox 824 1437 941 1502; x_wconf 88' lang='lat' dir='ltr'><strong>multos</strong></span> <span class='ocrx_word' id='word_1_69' title='bbox 963 1437 1140 1520; x_wconf 83' lang='lat' dir='ltr'><strong>gentilium,</strong></span> <span class='ocrx_word' id='word_1_70' title='bbox 1163 1439 1217 1519; x_wconf 91' lang='lat' dir='ltr'><strong>qni</strong></span> 
     </span>
    </p>

    <p class='ocr_par' dir='ltr' id='par_1_4' title="bbox 5 1539 1247 3689">
     <span class='ocr_line' id='line_1_11' title="bbox 64 1539 1216 1622; baseline 0.003 -22"><span class='ocrx_word' id='word_1_71' title='bbox 64 1563 84 1602; x_wconf 87' lang='grc' dir='ltr'><strong>ιι</strong></span> <span class='ocrx_word' id='word_1_72' title='bbox 93 1542 199 1622; x_wconf 89' lang='lat' dir='ltr'><strong>utique</strong></span> <span class='ocrx_word' id='word_1_73' title='bbox 234 1539 335 1606; x_wconf 86' lang='lat' dir='ltr'><strong>diuini</strong></span> <span class='ocrx_word' id='word_1_74' title='bbox 367 1539 516 1606; x_wconf 88' lang='lat' dir='ltr'><strong>adiutorii</strong></span> <span class='ocrx_word' id='word_1_75' title='bbox 548 1543 682 1622; x_wconf 84' lang='lat' dir='ltr'><strong>gratiam</strong></span> <span class='ocrx_word' id='word_1_76' title='bbox 716 1559 777 1606; x_wconf 90' lang='lat' dir='ltr'><strong>non</strong></span> <span class='ocrx_word' id='word_1_77' title='bbox 811 1544 982 1618; x_wconf 87' lang='lat' dir='ltr'><strong>merentur,</strong></span> <span class='ocrx_word' id='word_1_78' title='bbox 1019 1556 1080 1604; x_wconf 92' lang='lat' dir='ltr'><strong>non</strong></span> <span class='ocrx_word' id='word_1_79' title='bbox 1115 1539 1216 1604; x_wconf 87' lang='lat' dir='ltr'><strong>solnrn</strong></span> 
     </span>
     <span class='ocr_line' id='line_1_12' title="bbox 93 1641 1217 1728; baseline -0.002 -20"><span class='ocrx_word' id='word_1_80' title='bbox 93 1643 286 1728; x_wconf 71' lang='lat' dir='ltr'><strong>frugalitatis</strong></span> <span class='ocrx_word' id='word_1_81' title='bbox 320 1646 415 1723; x_wconf 86' lang='lat' dir='ltr'><strong>atque</strong></span> <span class='ocrx_word' id='word_1_82' title='bbox 448 1641 629 1726; x_wconf 86' lang='lat' dir='ltr'><strong>patientiae,</strong></span> <span class='ocrx_word' id='word_1_83' title='bbox 665 1643 730 1721; x_wconf 88' lang='lat' dir='ltr'><strong>sed,</strong></span> <span class='ocrx_word' id='word_1_84' title='bbox 765 1642 847 1724; x_wconf 86' lang='lat' dir='ltr'><strong>quod</strong></span> <span class='ocrx_word' id='word_1_85' title='bbox 879 1644 979 1726; x_wconf 79' lang='lat' dir='ltr'><strong>magis</strong></span> <span class='ocrx_word' id='word_1_86' title='bbox 1013 1643 1128 1708; x_wconf 87' lang='lat' dir='ltr'><strong>mirum</strong></span> <span class='ocrx_word' id='word_1_87' title='bbox 1158 1645 1217 1720; x_wconf 86' lang='lat' dir='ltr'><strong>est,</strong></span> 
     </span>
     <span class='ocr_line' id='line_1_13' title="bbox 93 1745 1217 1831; baseline -0.002 -19"><span class='ocrx_word' id='word_1_88' title='bbox 93 1747 188 1812; x_wconf 87' lang='lat' dir='ltr'><strong>etiam</strong></span> <span class='ocrx_word' id='word_1_89' title='bbox 211 1746 368 1812; x_wconf 85' lang='lat' dir='ltr'><strong>eastitatis</strong></span> <span class='ocrx_word' id='word_1_90' title='bbox 386 1745 549 1813; x_wconf 86' lang='lat' dir='ltr'><strong>uideamus</strong></span> <span class='ocrx_word' id='word_1_91' title='bbox 572 1747 691 1831; x_wconf 81' lang='lat' dir='ltr'><strong>fulgere</strong></span> <span class='ocrx_word' id='word_1_92' title='bbox 721 1745 903 1826; x_wconf 87' lang='lat' dir='ltr'><strong>uirtutibus,</strong></span> <span class='ocrx_word' id='word_1_93' title='bbox 935 1749 1087 1828; x_wconf 83' lang='lat' dir='ltr'><strong>quomodo</strong></span> <span class='ocrx_word' id='word_1_94' title='bbox 1117 1747 1217 1829; x_wconf 89' lang='lat' dir='ltr'><strong>eapti·</strong></span> 
     </span>
     <span class='ocr_line' id='line_1_14' title="bbox 5 1849 1217 1916; baseline 0 0"><span class='ocrx_word' id='word_1_95' title='bbox 5 1877 6 1900; x_wconf 75' lang='lat'>1</span> <span class='ocrx_word' id='word_1_96' title='bbox 93 1853 163 1916; x_wconf 84' lang='lat' dir='ltr'><strong>nato</strong></span> <span class='ocrx_word' id='word_1_97' title='bbox 202 1849 316 1916; x_wconf 88' lang='lat' dir='ltr'><strong>liberae</strong></span> <span class='ocrx_word' id='word_1_98' title='bbox 352 1849 527 1914; x_wconf 89' lang='lat' dir='ltr'><strong>uoluntatis</strong></span> <span class='ocrx_word' id='word_1_99' title='bbox 565 1851 694 1916; x_wconf 84' lang='lat' dir='ltr'><strong>arbitrio</strong></span> <span class='ocrx_word' id='word_1_100' title='bbox 733 1850 784 1914; x_wconf 92' lang='lat' dir='ltr'><strong>dei</strong></span> <span class='ocrx_word' id='word_1_101' title='bbox 817 1868 946 1915; x_wconf 87' lang='lat' dir='ltr'><strong>munera</strong></span> <span class='ocrx_word' id='word_1_102' title='bbox 980 1850 1121 1916; x_wconf 90' lang='lat' dir='ltr'><strong>oonlatae</strong></span> <span class='ocrx_word' id='word_1_103' title='bbox 1154 1851 1217 1916; x_wconf 88' lang='lat' dir='ltr'><strong>illis</strong></span> 
     </span>
     <span class='ocr_line' id='line_1_15' title="bbox 94 1952 1217 2036; baseline 0.001 -18"><span class='ocrx_word' id='word_1_104' title='bbox 94 1953 187 2018; x_wconf 88' lang='lat' dir='ltr'><strong>fnisse</strong></span> <span class='ocrx_word' id='word_1_105' title='bbox 210 1952 378 2018; x_wconf 85' lang='lat' dir='ltr'><strong>eradendae</strong></span> <span class='ocrx_word' id='word_1_106' title='bbox 401 1955 482 2030; x_wconf 86' lang='lat' dir='ltr'><strong>sunt,</strong></span> <span class='ocrx_word' id='word_1_107' title='bbox 508 1971 578 2020; x_wconf 85' lang='lat' dir='ltr'><strong>cnm</strong></span> <span class='ocrx_word' id='word_1_108' title='bbox 601 1953 709 2035; x_wconf 86' lang='lat' dir='ltr'><strong>utique</strong></span> <span class='ocrx_word' id='word_1_109' title='bbox 732 1954 907 2020; x_wconf 87' lang='lat' dir='ltr'><strong>mundanae</strong></span> <span class='ocrx_word' id='word_1_110' title='bbox 929 1953 1101 2036; x_wconf 84' lang='lat' dir='ltr'><strong>sapientiae</strong></span> <span class='ocrx_word' id='word_1_111' title='bbox 1117 1957 1217 2020; x_wconf 82' lang='lat' dir='ltr'><strong>secta·</strong></span> 
     </span>
     <span class='ocr_line' id='line_1_16' title="bbox 5 2056 1216 2142; baseline 0.003 -23"><span class='ocrx_word' id='word_1_112' title='bbox 5 2067 6 2074; x_wconf 75' lang='grc'>’</span> <span class='ocrx_word' id='word_1_113' title='bbox 64 2061 175 2122; x_wconf 78' lang='lat' dir='ltr'><strong>atores</strong></span> <span class='ocrx_word' id='word_1_114' title='bbox 204 2074 266 2120; x_wconf 91' lang='lat' dir='ltr'><strong>non</strong></span> <span class='ocrx_word' id='word_1_115' title='bbox 296 2056 398 2122; x_wconf 89' lang='lat' dir='ltr'><strong>solnm</strong></span> <span class='ocrx_word' id='word_1_116' title='bbox 429 2057 648 2142; x_wconf 81' lang='lat' dir='ltr'><strong>deigratiam,</strong></span> <span class='ocrx_word' id='word_1_117' title='bbox 675 2057 729 2122; x_wconf 88' lang='lat' dir='ltr'><strong>sed</strong></span> <span class='ocrx_word' id='word_1_118' title='bbox 750 2060 855 2141; x_wconf 87' lang='lat' dir='ltr'><strong>ipsum</strong></span> <span class='ocrx_word' id='word_1_119' title='bbox 877 2058 972 2122; x_wconf 89' lang='lat' dir='ltr'><strong>etiam</strong></span> <span class='ocrx_word' id='word_1_120' title='bbox 996 2076 1102 2123; x_wconf 90' lang='lat' dir='ltr'><strong>nerum</strong></span> <span class='ocrx_word' id='word_1_121' title='bbox 1125 2060 1216 2122; x_wconf 87' lang='lat' dir='ltr'><strong>deum</strong></span> 
     </span>
     <span class='ocr_line' id='line_1_17' title="bbox 95 2159 1217 2244; baseline 0 -20"><span class='ocrx_word' id='word_1_122' title='bbox 95 2159 218 2241; x_wconf 88' lang='lat' dir='ltr'><strong>penitus</strong></span> <span class='ocrx_word' id='word_1_123' title='bbox 240 2159 431 2242; x_wconf 79' lang='lat' dir='ltr'><strong>ignorantes,</strong></span> <span class='ocrx_word' id='word_1_124' title='bbox 454 2163 606 2244; x_wconf 87' lang='lat' dir='ltr'><strong>quantum</strong></span> <span class='ocrx_word' id='word_1_125' title='bbox 629 2160 681 2226; x_wconf 89' lang='lat' dir='ltr'><strong>uel</strong></span> <span class='ocrx_word' id='word_1_126' title='bbox 704 2162 781 2226; x_wconf 88' lang='lat' dir='ltr'><strong>serie</strong></span> <span class='ocrx_word' id='word_1_127' title='bbox 797 2159 942 2226; x_wconf 89' lang='lat' dir='ltr'><strong>leotionis</strong></span> <span class='ocrx_word' id='word_1_128' title='bbox 957 2159 1008 2224; x_wconf 93' lang='lat' dir='ltr'><strong>uel</strong></span> <span class='ocrx_word' id='word_1_129' title='bbox 1024 2160 1217 2243; x_wconf 85' lang='lat' dir='ltr'><strong>quorundam</strong></span> 
     </span>
     <span class='ocr_line' id='line_1_18' title="bbox 5 2249 1217 2347; baseline -0.002 -19"><span class='ocrx_word' id='word_1_130' title='bbox 5 2249 6 2294; x_wconf 45' lang='lat' dir='ltr'><strong>i</strong></span> <span class='ocrx_word' id='word_1_131' title='bbox 94 2263 261 2328; x_wconf 86' lang='lat' dir='ltr'><strong>traditione</strong></span> <span class='ocrx_word' id='word_1_132' title='bbox 284 2264 495 2346; x_wconf 79' lang='lat' dir='ltr'><strong>cognonimus,</strong></span> <span class='ocrx_word' id='word_1_133' title='bbox 518 2283 674 2331; x_wconf 87' lang='lat' dir='ltr'><strong>summam</strong></span> <span class='ocrx_word' id='word_1_134' title='bbox 699 2265 902 2331; x_wconf 89' lang='lat' dir='ltr'><strong>eastimoniae</strong></span> <span class='ocrx_word' id='word_1_135' title='bbox 915 2263 1084 2347; x_wconf 87' lang='lat' dir='ltr'><strong>puritatem</strong></span> <span class='ocrx_word' id='word_1_136' title='bbox 1099 2261 1217 2345; x_wconf 89' lang='lat' dir='ltr'><strong>proprii</strong></span> 
     </span>
     <span class='ocr_line' id='line_1_19' title="bbox 5 2366 765 2451; baseline 0.007 -23"><span class='ocrx_word' id='word_1_137' title='bbox 5 2373 6 2428; x_wconf 62' lang='lat' dir='ltr'><strong>l</strong></span> <span class='ocrx_word' id='word_1_138' title='bbox 93 2368 206 2434; x_wconf 89' lang='lat' dir='ltr'><strong>laboris</strong></span> <span class='ocrx_word' id='word_1_139' title='bbox 229 2366 383 2432; x_wconf 91' lang='lat' dir='ltr'><strong>industria</strong></span> <span class='ocrx_word' id='word_1_140' title='bbox 405 2368 574 2451; x_wconf 85' lang='lat' dir='ltr'><strong>possedisse</strong></span> <span class='ocrx_word' id='word_1_141' title='bbox 597 2367 765 2434; x_wconf 75' lang='lat' dir='ltr'><strong>dieantur?</strong></span> 
     </span>
     <span class='ocr_line' id='line_1_20' title="bbox 5 2437 1216 2554; baseline 0 -20"><span class='ocrx_word' id='word_1_142' title='bbox 5 2437 7 2478; x_wconf 55' lang='lat'><em>&#39;</em></span> <span class='ocrx_word' id='word_1_143' title='bbox 134 2469 170 2536; x_wconf 84' lang='lat' dir='ltr'><strong>V.</strong></span> <span class='ocrx_word' id='word_1_144' title='bbox 195 2485 419 2536; x_wconf 78' lang='lat' dir='ltr'><strong>onannnrrou:</strong></span> <span class='ocrx_word' id='word_1_145' title='bbox 443 2469 576 2538; x_wconf 80' lang='lat' dir='ltr'><strong>Gratum</strong></span> <span class='ocrx_word' id='word_1_146' title='bbox 598 2470 676 2536; x_wconf 91' lang='lat' dir='ltr'><strong>mibi</strong></span> <span class='ocrx_word' id='word_1_147' title='bbox 699 2473 748 2534; x_wconf 89' lang='lat' dir='ltr'><strong>eet</strong></span> <span class='ocrx_word' id='word_1_148' title='bbox 770 2471 862 2554; x_wconf 83' lang='lat' dir='ltr'><strong>quod,</strong></span> <span class='ocrx_word' id='word_1_149' title='bbox 885 2473 959 2536; x_wconf 87' lang='lat' dir='ltr'><strong>dnm</strong></span> <span class='ocrx_word' id='word_1_150' title='bbox 975 2487 1096 2534; x_wconf 89' lang='lat' dir='ltr'><strong>summo</strong></span> <span class='ocrx_word' id='word_1_151' title='bbox 1119 2488 1216 2553; x_wconf 84' lang='lat' dir='ltr'><strong>agno·</strong></span> 
     </span>
     <span class='ocr_line' id='line_1_21' title="bbox 63 2572 1216 2657; baseline 0.001 -18"><span class='ocrx_word' id='word_1_152' title='bbox 63 2577 221 2641; x_wconf 71' lang='lat' dir='ltr'><strong>arandae</strong></span> <span class='ocrx_word' id='word_1_153' title='bbox 242 2574 386 2641; x_wconf 85' lang='lat' dir='ltr'><strong>ueritatis</strong></span> <span class='ocrx_word' id='word_1_154' title='bbox 412 2591 517 2641; x_wconf 88' lang='lat' dir='ltr'><strong>amore</strong></span> <span class='ocrx_word' id='word_1_155' title='bbox 545 2573 760 2654; x_wconf 81' lang='lat' dir='ltr'><strong>flammamini,</strong></span> <span class='ocrx_word' id='word_1_156' title='bbox 792 2572 944 2657; x_wconf 85' lang='lat' dir='ltr'><strong>quaedam</strong></span> <span class='ocrx_word' id='word_1_157' title='bbox 978 2572 1074 2639; x_wconf 89' lang='lat' dir='ltr'><strong>etiam</strong></span> <span class='ocrx_word' id='word_1_158' title='bbox 1107 2573 1216 2655; x_wconf 92' lang='lat' dir='ltr'><strong>inepta</strong></span> 
     </span>
     <span class='ocr_line' id='line_1_22' title="bbox 93 2675 1217 2761; baseline -0.003 -19"><span class='ocrx_word' id='word_1_159' title='bbox 93 2677 273 2761; x_wconf 79' lang='lat' dir='ltr'><strong>proponitis,</strong></span> <span class='ocrx_word' id='word_1_160' title='bbox 297 2696 427 2760; x_wconf 92' lang='lat' dir='ltr'><strong>quorum</strong></span> <span class='ocrx_word' id='word_1_161' title='bbox 460 2678 629 2743; x_wconf 79' lang='lat' dir='ltr'><strong>obiectione</strong></span> <span class='ocrx_word' id='word_1_162' title='bbox 659 2678 818 2761; x_wconf 89' lang='lat' dir='ltr'><strong>probatior</strong></span> <span class='ocrx_word' id='word_1_163' title='bbox 844 2680 938 2758; x_wconf 87' lang='lat' dir='ltr'><strong>atque</strong></span> <span class='ocrx_word' id='word_1_164' title='bbox 959 2676 1064 2741; x_wconf 89' lang='lat' dir='ltr'><strong>atita</strong></span> <span class='ocrx_word' id='word_1_165' title='bbox 1085 2675 1217 2740; x_wconf 81' lang='lat' dir='ltr'><strong>dixerim</strong></span> 
     </span>
     <span class='ocr_line' id='line_1_23' title="bbox 6 2779 1217 2871; baseline 0 -26"><span class='ocrx_word' id='word_1_166' title='bbox 6 2842 7 2871; x_wconf 12' lang='lat' dir='ltr'>i</span> <span class='ocrx_word' id='word_1_167' title='bbox 94 2782 280 2865; x_wconf 81' lang='lat' dir='ltr'><strong>exploratior</strong></span> <span class='ocrx_word' id='word_1_168' title='bbox 296 2780 472 2845; x_wconf 84' lang='lat' dir='ltr'><strong>eatholioae</strong></span> <span class='ocrx_word' id='word_1_169' title='bbox 487 2780 559 2847; x_wconf 89' lang='lat' dir='ltr'><strong>fidei</strong></span> <span class='ocrx_word' id='word_1_170' title='bbox 575 2782 678 2847; x_wconf 87' lang='lat' dir='ltr'><strong>uirtus</strong></span> <span class='ocrx_word' id='word_1_171' title='bbox 693 2781 852 2863; x_wconf 86' lang='lat' dir='ltr'><strong>adpareat.</strong></span> <span class='ocrx_word' id='word_1_172' title='bbox 878 2780 948 2861; x_wconf 83' lang='lat' dir='ltr'><strong>quis</strong></span> <span class='ocrx_word' id='word_1_173' title='bbox 963 2780 1079 2844; x_wconf 85' lang='lat' dir='ltr'><strong>etenim</strong></span> <span class='ocrx_word' id='word_1_174' title='bbox 1094 2779 1217 2861; x_wconf 87' lang='lat' dir='ltr'><strong>sapiens</strong></span> 
     </span>
     <span class='ocr_line' id='line_1_24' title="bbox 6 2874 1217 2967; baseline -0.001 -18"><span class='ocrx_word' id='word_1_175' title='bbox 6 2874 7 2901; x_wconf 80' lang='lat'>³</span> <span class='ocrx_word' id='word_1_176' title='bbox 94 2886 157 2949; x_wconf 83' lang='lat' dir='ltr'><strong>tam</strong></span> <span class='ocrx_word' id='word_1_177' title='bbox 193 2886 356 2949; x_wconf 78' lang='lat' dir='ltr'><strong>contrariis</strong></span> <span class='ocrx_word' id='word_1_178' title='bbox 389 2883 648 2967; x_wconf 88' lang='lat' dir='ltr'><strong>propositionibus</strong></span> <span class='ocrx_word' id='word_1_179' title='bbox 681 2888 833 2961; x_wconf 89' lang='lat' dir='ltr'><strong>uteretur,</strong></span> <span class='ocrx_word' id='word_1_180' title='bbox 864 2888 900 2947; x_wconf 92' lang='lat' dir='ltr'><strong>nt</strong></span> <span class='ocrx_word' id='word_1_181' title='bbox 929 2882 1093 2947; x_wconf 79' lang='lat' dir='ltr'><strong>caelestem</strong></span> <span class='ocrx_word' id='word_1_182' title='bbox 1122 2883 1217 2948; x_wconf 85' lang='lat' dir='ltr'><strong>easti-</strong></span> 
     </span>
     <span class='ocr_line' id='line_1_25' title="bbox 93 2986 1217 3087; baseline -0.002 -36"><span class='ocrx_word' id='word_1_183' title='bbox 93 2987 214 3051; x_wconf 89' lang='lat' dir='ltr'><strong>moniae</strong></span> <span class='ocrx_word' id='word_1_184' title='bbox 248 2989 427 3068; x_wconf 84' lang='lat' dir='ltr'><strong>puritatem,</strong></span> <span class='ocrx_word' id='word_1_185' title='bbox 463 3005 557 3069; x_wconf 89' lang='lat' dir='ltr'><strong>quam</strong></span> <span class='ocrx_word' id='word_1_186' title='bbox 587 2988 734 3051; x_wconf 89' lang='lat' dir='ltr'><strong>hesterna</strong></span> <span class='ocrx_word' id='word_1_187' title='bbox 764 2989 814 3051; x_wconf 88' lang='lat' dir='ltr'><strong>die</strong></span> <span class='ocrx_word' id='word_1_188' title='bbox 845 3005 900 3051; x_wconf 89' lang='lat' dir='ltr'><strong>neo</strong></span> <span class='ocrx_word' id='word_1_189' title='bbox 929 3005 985 3068; x_wconf 90' lang='lat' dir='ltr'><strong>per</strong></span> <span class='ocrx_word' id='word_1_190' title='bbox 1010 2986 1060 3087; x_wconf 64' lang='lat' dir='ltr'><strong>&lt;lei</strong></span> <span class='ocrx_word' id='word_1_191' title='bbox 1081 2986 1217 3069; x_wconf 82' lang='lat' dir='ltr'><strong>gratiam</strong></span> 
     </span>
     <span class='ocr_line' id='line_1_26' title="bbox 64 3090 1216 3174; baseline 0.005 -27"><span class='ocrx_word' id='word_1_192' title='bbox 64 3091 271 3155; x_wconf 80' lang='lat' dir='ltr'><strong>amortalinm</strong></span> <span class='ocrx_word' id='word_1_193' title='bbox 302 3092 448 3173; x_wconf 83' lang='lat' dir='ltr'><strong>cuiquam</strong></span> <span class='ocrx_word' id='word_1_194' title='bbox 480 3090 671 3156; x_wconf 87' lang='lat' dir='ltr'><strong>adserebatis</strong></span> <span class='ocrx_word' id='word_1_195' title='bbox 701 3109 789 3173; x_wconf 85' lang='lat' dir='ltr'><strong>posse</strong></span> <span class='ocrx_word' id='word_1_196' title='bbox 812 3090 955 3174; x_wconf 87' lang='lat' dir='ltr'><strong>eonferri‚</strong></span> <span class='ocrx_word' id='word_1_197' title='bbox 978 3108 1063 3155; x_wconf 89' lang='lat' dir='ltr'><strong>nuno</strong></span> <span class='ocrx_word' id='word_1_198' title='bbox 1085 3090 1216 3154; x_wconf 88' lang='lat' dir='ltr'><strong>eandem</strong></span> 
     </span>
     <span class='ocr_line' id='line_1_27' title="bbox 7 3193 1217 3278; baseline 0 -21"><span class='ocrx_word' id='word_1_199' title='bbox 7 3228 8 3271; x_wconf 63' lang='grc' dir='ltr'>ι</span> <span class='ocrx_word' id='word_1_200' title='bbox 94 3194 188 3258; x_wconf 84' lang='lat' dir='ltr'><strong>etium</strong></span> <span class='ocrx_word' id='word_1_201' title='bbox 211 3213 230 3258; x_wconf 86' lang='lat' dir='ltr'><strong>a</strong></span> <span class='ocrx_word' id='word_1_202' title='bbox 253 3194 424 3278; x_wconf 84' lang='lat' dir='ltr'><strong>gentilibus</strong></span> <span class='ocrx_word' id='word_1_203' title='bbox 448 3194 587 3259; x_wconf 87' lang='lat' dir='ltr'><strong>erederet</strong></span> <span class='ocrx_word' id='word_1_204' title='bbox 610 3194 728 3259; x_wconf 90' lang='lat' dir='ltr'><strong>uirtute</strong></span> <span class='ocrx_word' id='word_1_205' title='bbox 751 3194 876 3277; x_wconf 89' lang='lat' dir='ltr'><strong>propria</strong></span> <span class='ocrx_word' id='word_1_206' title='bbox 899 3193 995 3259; x_wconf 88' lang='lat' dir='ltr'><strong>fnisse</strong></span> <span class='ocrx_word' id='word_1_207' title='bbox 1017 3196 1217 3275; x_wconf 73' lang='lat' dir='ltr'><strong>possessam?</strong></span> 
     </span>
     <span class='ocr_line' id='line_1_28' title="bbox 93 3296 1247 3381; baseline 0.002 -20"><span class='ocrx_word' id='word_1_208' title='bbox 93 3297 143 3361; x_wconf 89' lang='lat' dir='ltr'><strong>sed</strong></span> <span class='ocrx_word' id='word_1_209' title='bbox 166 3296 241 3379; x_wconf 91' lang='lat' dir='ltr'><strong>qnia</strong></span> <span class='ocrx_word' id='word_1_210' title='bbox 262 3296 338 3362; x_wconf 88' lang='lat' dir='ltr'><strong>haeo</strong></span> <span class='ocrx_word' id='word_1_211' title='bbox 361 3297 562 3381; x_wconf 82' lang='lat' dir='ltr'><strong>explorandae</strong></span> <span class='ocrx_word' id='word_1_212' title='bbox 584 3297 691 3380; x_wconf 89' lang='lat' dir='ltr'><strong>proeul</strong></span> <span class='ocrx_word' id='word_1_213' title='bbox 716 3298 809 3361; x_wconf 91' lang='lat' dir='ltr'><strong>dubio</strong></span> <span class='ocrx_word' id='word_1_214' title='bbox 833 3301 868 3361; x_wconf 91' lang='grc' dir='ltr'><strong>ιιι</strong></span> <span class='ocrx_word' id='word_1_215' title='bbox 890 3299 1009 3361; x_wconf 88' lang='lat' dir='ltr'><strong>dietum</strong></span> <span class='ocrx_word' id='word_1_216' title='bbox 1035 3297 1085 3361; x_wconf 92' lang='lat' dir='ltr'><strong>est</strong></span> <span class='ocrx_word' id='word_1_217' title='bbox 1112 3296 1247 3363; x_wconf 79' lang='lat' dir='ltr'><strong>studio2</strong></span> 
     </span>
     <span class='ocr_line' id='line_1_29' title="bbox 92 3400 1217 3483; baseline 0.002 -20"><span class='ocrx_word' id='word_1_218' title='bbox 92 3400 235 3465; x_wconf 87' lang='lat' dir='ltr'><strong>ueritatis</strong></span> <span class='ocrx_word' id='word_1_219' title='bbox 266 3401 432 3483; x_wconf 89' lang='lat' dir='ltr'><strong>opponitis,</strong></span> <span class='ocrx_word' id='word_1_220' title='bbox 462 3400 536 3483; x_wconf 90' lang='lat' dir='ltr'><strong>qnid</strong></span> <span class='ocrx_word' id='word_1_221' title='bbox 559 3404 596 3467; x_wconf 88' lang='lat' dir='ltr'><strong>de</strong></span> <span class='ocrx_word' id='word_1_222' title='bbox 619 3400 669 3463; x_wconf 88' lang='lat' dir='ltr'><strong>his</strong></span> <span class='ocrx_word' id='word_1_223' title='bbox 692 3405 855 3466; x_wconf 88' lang='lat' dir='ltr'><strong>teneamus</strong></span> <span class='ocrx_word' id='word_1_224' title='bbox 876 3400 1043 3465; x_wconf 89' lang='lat' dir='ltr'><strong>aduertite.</strong></span> <span class='ocrx_word' id='word_1_225' title='bbox 1079 3400 1217 3482; x_wconf 89' lang='lat' dir='ltr'><strong>primurn</strong></span> 
     </span>
     <span class='ocr_line' id='line_1_30' title="bbox 92 3501 1217 3586; baseline -0.001 -19"><span class='ocrx_word' id='word_1_226' title='bbox 92 3502 290 3586; x_wconf 88' lang='lat' dir='ltr'><strong>philosophos</strong></span> <span class='ocrx_word' id='word_1_227' title='bbox 313 3521 510 3585; x_wconf 85' lang='lat' dir='ltr'><strong>nequaquam</strong></span> <span class='ocrx_word' id='word_1_228' title='bbox 539 3504 728 3569; x_wconf 85' lang='lat' dir='ltr'><strong>eredendum</strong></span> <span class='ocrx_word' id='word_1_229' title='bbox 751 3508 800 3568; x_wconf 91' lang='lat' dir='ltr'><strong>est</strong></span> <span class='ocrx_word' id='word_1_230' title='bbox 815 3504 911 3569; x_wconf 90' lang='lat' dir='ltr'><strong>talem</strong></span> <span class='ocrx_word' id='word_1_231' title='bbox 927 3501 1024 3567; x_wconf 88' lang='lat' dir='ltr'><strong>animi</strong></span> <span class='ocrx_word' id='word_1_232' title='bbox 1041 3503 1217 3567; x_wconf 84' lang='lat' dir='ltr'><strong>castitatem</strong></span> 
     </span>
     <span class='ocr_line' id='line_1_31' title="bbox 61 3603 1217 3689; baseline 0 -18"><span class='ocrx_word' id='word_1_233' title='bbox 61 3606 193 3689; x_wconf 75' lang='lat' dir='ltr'><strong>aqualis</strong></span> <span class='ocrx_word' id='word_1_234' title='bbox 216 3626 234 3670; x_wconf 93' lang='lat' dir='ltr'><strong>a</strong></span> <span class='ocrx_word' id='word_1_235' title='bbox 257 3604 346 3671; x_wconf 90' lang='lat' dir='ltr'><strong>nobis</strong></span> <span class='ocrx_word' id='word_1_236' title='bbox 376 3607 510 3689; x_wconf 81' lang='lat' dir='ltr'><strong>erigitur</strong></span> <span class='ocrx_word' id='word_1_237' title='bbox 539 3606 712 3687; x_wconf 68' lang='lat' dir='ltr'><strong>adstantes,</strong></span> <span class='ocrx_word' id='word_1_238' title='bbox 744 3605 855 3687; x_wconf 90' lang='lat' dir='ltr'><strong>quibus</strong></span> <span class='ocrx_word' id='word_1_239' title='bbox 888 3603 1062 3689; x_wconf 84' lang='lat' dir='ltr'><strong>iniungitur</strong></span> <span class='ocrx_word' id='word_1_240' title='bbox 1092 3608 1128 3670; x_wconf 91' lang='lat' dir='ltr'><strong>nt</strong></span> <span class='ocrx_word' id='word_1_241' title='bbox 1157 3625 1217 3671; x_wconf 91' lang='lat' dir='ltr'><strong>non</strong></span> 
     </span>
    </p>
   </div>
   <div class='ocr_carea' id='block_1_3' title="bbox 191 3767 474 3831">
    <p class='ocr_par' dir='ltr' id='par_1_5' title="bbox 191 3767 474 3831">
     <span class='ocr_line' id='line_1_32' title="bbox 191 3767 474 3831; baseline -0.007 -8"><span class='ocrx_word' id='word_1_242' title='bbox 191 3770 209 3823; x_wconf 88' lang='grc'><strong>2</strong></span> <span class='ocrx_word' id='word_1_243' title='bbox 227 3767 345 3823; x_wconf 86' lang='lat' dir='ltr'><strong>Hieram.</strong></span> <span class='ocrx_word' id='word_1_244' title='bbox 362 3769 388 3831; x_wconf 86' lang='grc'><strong>8,</strong></span> <span class='ocrx_word' id='word_1_245' title='bbox 405 3769 474 3822; x_wconf 82' lang='grc'><strong>4-5</strong></span> 
     </span>
    </p>
   </div>
   <div class='ocr_carea' id='block_1_4' title="bbox 141 3913 1217 3983">
    <p class='ocr_par' dir='ltr' id='par_1_6' title="bbox 141 3913 1217 3983">
     <span class='ocr_line' id='line_1_33' title="bbox 141 3913 1217 3983; baseline -0.001 -16"><span class='ocrx_word' id='word_1_246' title='bbox 141 3914 295 3968; x_wconf 71' lang='lat' dir='ltr'><strong>Hiberam.</strong></span> <span class='ocrx_word' id='word_1_247' title='bbox 320 3915 345 3966; x_wconf 93' lang='lat'><em>0</em></span> <span class='ocrx_word' id='word_1_248' title='bbox 448 3915 574 3983; x_wconf 87' lang='lat' dir='ltr'><strong>numquit</strong></span> <span class='ocrx_word' id='word_1_249' title='bbox 597 3916 625 3967; x_wconf 90' lang='grc' dir='ltr'><strong><em>Σ</em></strong></span> <span class='ocrx_word' id='word_1_250' title='bbox 732 3914 849 3968; x_wconf 83' lang='lat' dir='ltr'><strong>3oadet</strong></span> <span class='ocrx_word' id='word_1_251' title='bbox 870 3913 924 3965; x_wconf 88' lang='grc' dir='ltr'><strong>ΠΟ</strong></span> <span class='ocrx_word' id='word_1_252' title='bbox 1031 3913 1217 3967; x_wconf 77' lang='lat' dir='ltr'><strong>⁴irenentitnr</strong></span> 
     </span>
    </p>
   </div>
   <div class='ocr_carea' id='block_1_5' title="bbox 9 4003 1219 4429">
    <p class='ocr_par' dir='ltr' id='par_1_7' title="bbox 9 4003 1219 4343">
     <span class='ocr_line' id='line_1_34' title="bbox 9 4003 1219 4084; baseline -0.003 -13"><span class='ocrx_word' id='word_1_253' title='bbox 9 4010 10 4014; x_wconf 62' lang='grc'>’</span> <span class='ocrx_word' id='word_1_254' title='bbox 92 4020 119 4071; x_wconf 88' lang='grc' dir='ltr'><em>Π</em></span> <span class='ocrx_word' id='word_1_255' title='bbox 222 4003 355 4073; x_wconf 70' lang='lat' dir='ltr'><strong>trhissm</strong></span> <span class='ocrx_word' id='word_1_256' title='bbox 379 4019 404 4072; x_wconf 91' lang='grc'>0</span> <span class='ocrx_word' id='word_1_257' title='bbox 504 4019 522 4073; x_wconf 86' lang='grc'>8</span> <span class='ocrx_word' id='word_1_258' title='bbox 544 4018 759 4073; x_wconf 78' lang='lat' dir='ltr'><strong>destructionem</strong></span> <span class='ocrx_word' id='word_1_259' title='bbox 781 4018 810 4068; x_wconf 88' lang='grc' dir='ltr'><strong><em>Σ</em></strong></span> <span class='ocrx_word' id='word_1_260' title='bbox 913 4016 944 4069; x_wconf 78' lang='lat'><strong>17</strong></span> <span class='ocrx_word' id='word_1_261' title='bbox 958 4021 1024 4084; x_wconf 79' lang='lat' dir='ltr'><strong>post</strong></span> <span class='ocrx_word' id='word_1_262' title='bbox 1041 4031 1172 4069; x_wconf 86' lang='lat' dir='ltr'><strong>summam</strong></span> <span class='ocrx_word' id='word_1_263' title='bbox 1190 4017 1219 4067; x_wconf 93' lang='grc' dir='ltr'><strong><em>Σ</em></strong></span> 
     </span>
     <span class='ocr_line' id='line_1_35' title="bbox 92 4102 1149 4173; baseline -0.009 -10"><span class='ocrx_word' id='word_1_264' title='bbox 92 4106 186 4163; x_wconf 60' lang='lat' dir='ltr'><strong>odom:</strong></span> <span class='ocrx_word' id='word_1_265' title='bbox 209 4121 262 4171; x_wconf 85' lang='lat' dir='ltr'><strong>aas,</strong></span> <span class='ocrx_word' id='word_1_266' title='bbox 274 4120 345 4173; x_wconf 72' lang='lat' dir='ltr'><strong>puae</strong></span> <span class='ocrx_word' id='word_1_267' title='bbox 356 4121 414 4159; x_wconf 76' lang='lat' dir='ltr'><strong>uos</strong></span> <span class='ocrx_word' id='word_1_268' title='bbox 425 4104 614 4173; x_wconf 75' lang='lat' dir='ltr'><strong>dittopropbto</strong></span> <span class='ocrx_word' id='word_1_269' title='bbox 625 4104 748 4173; x_wconf 77' lang='lat' dir='ltr'><strong>syllabae</strong></span> <span class='ocrx_word' id='word_1_270' title='bbox 760 4104 901 4173; x_wconf 70' lang='lat' dir='ltr'><strong>separatis</strong></span> <span class='ocrx_word' id='word_1_271' title='bbox 911 4117 956 4157; x_wconf 72' lang='lat' dir='ltr'><strong>aas</strong></span> <span class='ocrx_word' id='word_1_272' title='bbox 969 4117 1024 4155; x_wconf 80' lang='lat' dir='ltr'><strong>esse</strong></span> <span class='ocrx_word' id='word_1_273' title='bbox 1036 4102 1149 4155; x_wconf 67' lang='lat' dir='ltr'><strong>uidem</strong></span> 
     </span>
     <span class='ocr_line' id='line_1_36' title="bbox 94 4185 1217 4258; baseline -0.002 -15"><span class='ocrx_word' id='word_1_274' title='bbox 94 4192 126 4245; x_wconf 82' lang='grc'><strong>19</strong></span> <span class='ocrx_word' id='word_1_275' title='bbox 143 4206 261 4245; x_wconf 81' lang='lat' dir='ltr'><strong>summae</strong></span> <span class='ocrx_word' id='word_1_276' title='bbox 278 4191 307 4241; x_wconf 93' lang='grc' dir='ltr'><strong><em>Σ</em></strong></span> <span class='ocrx_word' id='word_1_277' title='bbox 400 4190 431 4243; x_wconf 90' lang='grc'><strong>21</strong></span> <span class='ocrx_word' id='word_1_278' title='bbox 451 4190 606 4258; x_wconf 88' lang='lat' dir='ltr'><strong>proponetis</strong></span> <span class='ocrx_word' id='word_1_279' title='bbox 624 4190 663 4241; x_wconf 76' lang='grc' dir='ltr'><strong>ΠΙ</strong></span> <span class='ocrx_word' id='word_1_280' title='bbox 758 4188 793 4242; x_wconf 84' lang='grc'><strong>24</strong></span> <span class='ocrx_word' id='word_1_281' title='bbox 811 4192 919 4242; x_wconf 81' lang='lat' dir='ltr'><strong>externa</strong></span> <span class='ocrx_word' id='word_1_282' title='bbox 936 4186 990 4240; x_wconf 91' lang='grc' dir='ltr'><strong>ΣΟ</strong></span> <span class='ocrx_word' id='word_1_283' title='bbox 1080 4185 1114 4240; x_wconf 87' lang='grc'><strong>26</strong></span> <span class='ocrx_word' id='word_1_284' title='bbox 1132 4186 1217 4241; x_wconf 76' lang='lat' dir='ltr'><strong>orode</strong></span> 
     </span>
     <span class='ocr_line' id='line_1_37' title="bbox 93 4274 1149 4343; baseline -0.005 -14"><span class='ocrx_word' id='word_1_285' title='bbox 93 4278 156 4329; x_wconf 87' lang='lat' dir='ltr'><strong>retis</strong></span> <span class='ocrx_word' id='word_1_286' title='bbox 174 4278 218 4331; x_wconf 72' lang='lat' dir='ltr'><strong>Tr</strong></span> <span class='ocrx_word' id='word_1_287' title='bbox 246 4275 457 4331; x_wconf 77' lang='lat' dir='ltr'><strong>credideritisO</strong></span> <span class='ocrx_word' id='word_1_288' title='bbox 559 4276 593 4331; x_wconf 86' lang='grc'><strong>28</strong></span> <span class='ocrx_word' id='word_1_289' title='bbox 611 4276 710 4329; x_wconf 88' lang='lat' dir='ltr'><strong>uertite</strong></span> <span class='ocrx_word' id='word_1_290' title='bbox 727 4274 767 4327; x_wconf 78' lang='grc' dir='ltr'><strong>Πι</strong></span> <span class='ocrx_word' id='word_1_291' title='bbox 871 4274 904 4329; x_wconf 83' lang='grc'><strong>29</strong></span> <span class='ocrx_word' id='word_1_292' title='bbox 922 4286 1104 4343; x_wconf 83' lang='lat' dir='ltr'><strong>nequequam</strong></span> <span class='ocrx_word' id='word_1_293' title='bbox 1122 4274 1149 4323; x_wconf 97' lang='grc' dir='ltr'><strong><em>Σ</em></strong></span> 
     </span>
    </p>

    <p class='ocr_par' dir='ltr' id='par_1_8' title="bbox 11 4360 592 4429">
     <span class='ocr_line' id='line_1_38' title="bbox 11 4360 592 4429; baseline -0.005 -14"><span class='ocrx_word' id='word_1_294' title='bbox 11 4404 12 4429; x_wconf 37' lang='lat' dir='ltr'><strong>p</strong></span> <span class='ocrx_word' id='word_1_295' title='bbox 93 4362 128 4415; x_wconf 79' lang='lat'><strong>³0</strong></span> <span class='ocrx_word' id='word_1_296' title='bbox 145 4362 231 4415; x_wconf 82' lang='lat' dir='ltr'><strong>exitur</strong></span> <span class='ocrx_word' id='word_1_297' title='bbox 248 4363 287 4413; x_wconf 80' lang='grc' dir='ltr'><strong>Π·</strong></span> <span class='ocrx_word' id='word_1_298' title='bbox 390 4361 533 4416; x_wconf 80' lang='lat' dir='ltr'><strong>adsecutus</strong></span> <span class='ocrx_word' id='word_1_299' title='bbox 553 4360 592 4412; x_wconf 76' lang='grc' dir='ltr'><strong>Πι</strong></span> 
     </span>
    </p>
   </div>
   <div class='ocr_carea' id='block_1_6' title="bbox 0 0 1510 5200">
    <p class='ocr_par' dir='ltr' id='par_1_9' title="bbox 0 0 1510 5200">
     <span class='ocr_line' id='line_1_39' title="bbox 0 0 1510 5200; baseline 0 0"><span class='ocrx_word' id='word_1_300' title='bbox 0 0 1510 5200; x_wconf 95' lang='lat' dir='ltr'><strong> </strong></span> 
     </span>
    </p>
   </div>
  </div>
 </body>
</html>
