<?xml version="1.0" encoding="UTF-8"?>
<!DOCTYPE html PUBLIC "-//W3C//DTD XHTML 1.0 Transitional//EN"
    "http://www.w3.org/TR/xhtml1/DTD/xhtml1-transitional.dtd">
<html xmlns="http://www.w3.org/1999/xhtml" xml:lang="en" lang="en">
 <head>
  <title>
</title>
<meta http-equiv="Content-Type" content="text/html;charset=utf-8" />
  <meta name='ocr-system' content='tesseract 3.04.00' />
  <meta name='ocr-capabilities' content='ocr_page ocr_carea ocr_par ocr_line ocrx_word'/>
</head>
<body>
  <div class='ocr_page' id='page_1' title='image "./corpusscriptoru14wiengoog_0565.png"; bbox 0 0 3009 5200; ppageno 0'>
   <div class='ocr_carea' id='block_1_1' title="bbox 479 442 1215 509">
    <p class='ocr_par' dir='ltr' id='par_1_1' title="bbox 479 442 1215 509">
     <span class='ocr_line' id='line_1_1' title="bbox 479 442 1215 509; baseline -0.005 -11"><span class='ocrx_word' id='word_1_1' title='bbox 479 442 637 499; x_wconf 78' lang='lat' dir='ltr'><strong>conlatio</strong></span> <span class='ocrx_word' id='word_1_2' title='bbox 660 442 734 507; x_wconf 77' lang='lat' dir='ltr'><strong>XVI,</strong></span> <span class='ocrx_word' id='word_1_3' title='bbox 754 442 830 497; x_wconf 86' lang='grc'>6-8.</span> <span class='ocrx_word' id='word_1_4' title='bbox 1151 442 1215 509; x_wconf 78' lang='grc'><strong>445</strong></span> 
     </span>
    </p>
   </div>
   <div class='ocr_carea' id='block_1_2' title="bbox 66 630 1244 1953">
    <p class='ocr_par' dir='ltr' id='par_1_2' title="bbox 78 630 1244 1538">
     <span class='ocr_line' id='line_1_2' title="bbox 97 630 1214 713; baseline 0 -18"><span class='ocrx_word' id='word_1_5' title='bbox 97 649 166 696; x_wconf 87' lang='lat' dir='ltr'><strong>non</strong></span> <span class='ocrx_word' id='word_1_6' title='bbox 196 631 358 697; x_wconf 87' lang='lat' dir='ltr'><strong>occidat</strong></span> <span class='ocrx_word' id='word_1_7' title='bbox 387 650 500 713; x_wconf 91' lang='lat' dir='ltr'><strong>snper</strong></span> <span class='ocrx_word' id='word_1_8' title='bbox 533 630 779 696; x_wconf 74' lang='lat' dir='ltr'><strong>iracundiam</strong></span> <span class='ocrx_word' id='word_1_9' title='bbox 810 632 932 706; x_wconf 88' lang='lat' dir='ltr'><strong>tuam,</strong></span> <span class='ocrx_word' id='word_1_10' title='bbox 967 631 1015 697; x_wconf 89' lang='lat' dir='ltr'><strong>et:</strong></span> <span class='ocrx_word' id='word_1_11' title='bbox 1045 631 1112 711; x_wconf 91' lang='lat' dir='ltr'><strong>qui</strong></span> <span class='ocrx_word' id='word_1_12' title='bbox 1143 630 1214 695; x_wconf 89' lang='lat' dir='ltr'><strong>ira·</strong></span> 
     </span>
     <span class='ocr_line' id='line_1_3' title="bbox 96 732 1215 812; baseline 0 -13"><span class='ocrx_word' id='word_1_13' title='bbox 96 734 224 800; x_wconf 87' lang='lat' dir='ltr'><strong>scitur</strong></span> <span class='ocrx_word' id='word_1_14' title='bbox 261 733 382 798; x_wconf 84' lang='lat' dir='ltr'><strong>fratri</strong></span> <span class='ocrx_word' id='word_1_15' title='bbox 418 750 502 812; x_wconf 90' lang='lat' dir='ltr'><strong>suo,</strong></span> <span class='ocrx_word' id='word_1_16' title='bbox 539 751 628 799; x_wconf 88' lang='lat' dir='ltr'><strong>reus</strong></span> <span class='ocrx_word' id='word_1_17' title='bbox 664 734 741 798; x_wconf 90' lang='lat' dir='ltr'><strong>erit</strong></span> <span class='ocrx_word' id='word_1_18' title='bbox 777 732 942 811; x_wconf 90' lang='lat' dir='ltr'><strong>iudicio,</strong></span> <span class='ocrx_word' id='word_1_19' title='bbox 981 733 1110 800; x_wconf 89' lang='lat' dir='ltr'><strong>alterius</strong></span> <span class='ocrx_word' id='word_1_20' title='bbox 1143 751 1215 799; x_wconf 89' lang='lat' dir='ltr'><strong>uero</strong></span> 
     </span>
     <span class='ocr_line' id='line_1_4' title="bbox 97 836 1216 919; baseline 0 -18"><span class='ocrx_word' id='word_1_21' title='bbox 97 836 262 902; x_wconf 85' lang='lat' dir='ltr'><strong>tristitiam</strong></span> <span class='ocrx_word' id='word_1_22' title='bbox 284 856 378 919; x_wconf 88' lang='lat' dir='ltr'><strong>qnam</strong></span> <span class='ocrx_word' id='word_1_23' title='bbox 401 838 536 904; x_wconf 76' lang='lat' dir='ltr'>delenire</span> <span class='ocrx_word' id='word_1_24' title='bbox 556 838 611 903; x_wconf 89' lang='lat' dir='ltr'><strong>tna</strong></span> <span class='ocrx_word' id='word_1_25' title='bbox 634 836 873 903; x_wconf 89' lang='lat' dir='ltr'><strong>mansuetudine</strong></span> <span class='ocrx_word' id='word_1_26' title='bbox 897 836 1026 919; x_wconf 87' lang='lat' dir='ltr'><strong>potuisti</strong></span> <span class='ocrx_word' id='word_1_27' title='bbox 1041 837 1216 903; x_wconf 88' lang='lat' dir='ltr'><strong>contumaci</strong></span> 
     </span>
     <span class='ocr_line' id='line_1_5' title="bbox 97 939 1216 1024; baseline 0 -19"><span class='ocrx_word' id='word_1_28' title='bbox 97 939 186 1005; x_wconf 87' lang='lat' dir='ltr'><strong>eorde</strong></span> <span class='ocrx_word' id='word_1_29' title='bbox 224 940 386 1024; x_wconf 86' lang='lat' dir='ltr'><strong>despicias.</strong></span> <span class='ocrx_word' id='word_1_30' title='bbox 438 942 545 1007; x_wconf 91' lang='lat' dir='ltr'><strong>eodem</strong></span> <span class='ocrx_word' id='word_1_31' title='bbox 577 959 710 1024; x_wconf 89' lang='lat' dir='ltr'><strong>namque</strong></span> <span class='ocrx_word' id='word_1_32' title='bbox 745 941 837 1006; x_wconf 88' lang='lat' dir='ltr'><strong>modo</strong></span> <span class='ocrx_word' id='word_1_33' title='bbox 874 942 1030 1021; x_wconf 88' lang='lat' dir='ltr'><strong>praecepti</strong></span> <span class='ocrx_word' id='word_1_34' title='bbox 1066 940 1216 1006; x_wconf 90' lang='lat' dir='ltr'><strong>dominici</strong></span> 
     </span>
     <span class='ocr_line' id='line_1_6' title="bbox 78 1042 1216 1127; baseline -0.002 -18"><span class='ocrx_word' id='word_1_35' title='bbox 78 1043 364 1126; x_wconf 78' lang='lat' dir='ltr'><strong>apraenaricatione</strong></span> <span class='ocrx_word' id='word_1_36' title='bbox 393 1045 549 1127; x_wconf 89' lang='lat' dir='ltr'><strong>plecteris.</strong></span> <span class='ocrx_word' id='word_1_37' title='bbox 594 1047 647 1127; x_wconf 93' lang='lat' dir='ltr'><strong>qni</strong></span> <span class='ocrx_word' id='word_1_38' title='bbox 676 1046 760 1111; x_wconf 89' lang='lat' dir='ltr'><strong>enim</strong></span> <span class='ocrx_word' id='word_1_39' title='bbox 792 1044 871 1109; x_wconf 81' lang='lat' dir='ltr'>dixit</span> <span class='ocrx_word' id='word_1_40' title='bbox 899 1044 990 1109; x_wconf 79' lang='lat' dir='ltr'><strong>irasci</strong></span> <span class='ocrx_word' id='word_1_41' title='bbox 1012 1044 1043 1109; x_wconf 87' lang='lat' dir='ltr'><strong>te</strong></span> <span class='ocrx_word' id='word_1_42' title='bbox 1066 1042 1216 1107; x_wconf 89' lang='lat' dir='ltr'><strong>aduersus</strong></span> 
     </span>
     <span class='ocr_line' id='line_1_7' title="bbox 96 1145 1215 1225; baseline 0.001 -15"><span class='ocrx_word' id='word_1_43' title='bbox 96 1145 233 1212; x_wconf 88' lang='lat' dir='ltr'><strong>alterum</strong></span> <span class='ocrx_word' id='word_1_44' title='bbox 271 1166 333 1214; x_wconf 91' lang='lat' dir='ltr'><strong>non</strong></span> <span class='ocrx_word' id='word_1_45' title='bbox 368 1147 488 1225; x_wconf 85' lang='lat' dir='ltr'><strong>debere,</strong></span> <span class='ocrx_word' id='word_1_46' title='bbox 525 1146 605 1213; x_wconf 85' lang='lat' dir='ltr'><strong>dirit</strong></span> <span class='ocrx_word' id='word_1_47' title='bbox 645 1166 700 1213; x_wconf 91' lang='lat' dir='ltr'><strong>nac</strong></span> <span class='ocrx_word' id='word_1_48' title='bbox 735 1148 863 1212; x_wconf 90' lang='lat' dir='ltr'><strong>alterius</strong></span> <span class='ocrx_word' id='word_1_49' title='bbox 908 1147 1066 1211; x_wconf 82' lang='lat' dir='ltr'><strong>contemni</strong></span> <span class='ocrx_word' id='word_1_50' title='bbox 1103 1145 1215 1212; x_wconf 89' lang='lat' dir='ltr'><strong>debera</strong></span> 
     </span>
     <span class='ocr_line' id='line_1_8' title="bbox 95 1247 1215 1334; baseline -0.002 -19"><span class='ocrx_word' id='word_1_51' title='bbox 95 1248 273 1330; x_wconf 78' lang='lat' dir='ltr'><strong>tristitiem,</strong></span> <span class='ocrx_word' id='word_1_52' title='bbox 295 1252 369 1334; x_wconf 91' lang='lat' dir='ltr'><strong>qnia</strong></span> <span class='ocrx_word' id='word_1_53' title='bbox 388 1270 450 1317; x_wconf 95' lang='lat' dir='ltr'><strong>non</strong></span> <span class='ocrx_word' id='word_1_54' title='bbox 464 1252 597 1317; x_wconf 89' lang='lat' dir='ltr'><strong>interest</strong></span> <span class='ocrx_word' id='word_1_55' title='bbox 610 1252 691 1334; x_wconf 91' lang='lat' dir='ltr'><strong>apud</strong></span> <span class='ocrx_word' id='word_1_56' title='bbox 707 1252 799 1316; x_wconf 88' lang='lat' dir='ltr'><strong>deum</strong></span> <span class='ocrx_word' id='word_1_57' title='bbox 821 1252 884 1333; x_wconf 91' lang='lat' dir='ltr'><strong>qui</strong></span> <span class='ocrx_word' id='word_1_58' title='bbox 902 1268 1028 1315; x_wconf 89' lang='lat' dir='ltr'><strong>omnes</strong></span> <span class='ocrx_word' id='word_1_59' title='bbox 1046 1247 1215 1317; x_wconf 89' lang='lat' dir='ltr'><strong>homines</strong></span> 
     </span>
     <span class='ocr_line' id='line_1_9' title="bbox 95 1352 1244 1438; baseline 0.003 -21"><span class='ocrx_word' id='word_1_60' title='bbox 95 1354 182 1417; x_wconf 90' lang='lat' dir='ltr'><strong>nult</strong></span> <span class='ocrx_word' id='word_1_61' title='bbox 197 1354 328 1420; x_wconf 89' lang='lat' dir='ltr'><strong>saluos</strong></span> <span class='ocrx_word' id='word_1_62' title='bbox 343 1354 440 1438; x_wconf 82' lang='lat' dir='ltr'><strong>lieri,</strong></span> <span class='ocrx_word' id='word_1_63' title='bbox 455 1358 565 1420; x_wconf 90' lang='lat' dir='ltr'><strong>utrum</strong></span> <span class='ocrx_word' id='word_1_64' title='bbox 577 1358 611 1419; x_wconf 93' lang='lat' dir='ltr'><strong>te</strong></span> <span class='ocrx_word' id='word_1_65' title='bbox 624 1373 665 1420; x_wconf 89' lang='lat' dir='ltr'><strong>an</strong></span> <span class='ocrx_word' id='word_1_66' title='bbox 681 1353 779 1419; x_wconf 90' lang='lat' dir='ltr'><strong>alium</strong></span> <span class='ocrx_word' id='word_1_67' title='bbox 795 1354 971 1437; x_wconf 88' lang='lat' dir='ltr'><strong>quempiam</strong></span> <span class='ocrx_word' id='word_1_68' title='bbox 985 1352 1103 1436; x_wconf 89' lang='lat' dir='ltr'><strong>pardae.</strong></span> <span class='ocrx_word' id='word_1_69' title='bbox 1118 1355 1244 1421; x_wconf 91' lang='lat' dir='ltr'><strong>unum8</strong></span> 
     </span>
     <span class='ocr_line' id='line_1_10' title="bbox 95 1454 1214 1538; baseline 0 -19"><span class='ocrx_word' id='word_1_70' title='bbox 95 1456 252 1538; x_wconf 88' lang='lat' dir='ltr'><strong>siquidem</strong></span> <span class='ocrx_word' id='word_1_71' title='bbox 273 1458 440 1523; x_wconf 87' lang='lat' dir='ltr'><strong>cuiuslibet</strong></span> <span class='ocrx_word' id='word_1_72' title='bbox 461 1458 592 1524; x_wconf 90' lang='lat' dir='ltr'><strong>interitu</strong></span> <span class='ocrx_word' id='word_1_73' title='bbox 614 1458 644 1522; x_wconf 91' lang='lat' dir='ltr'><strong>ei</strong></span> <span class='ocrx_word' id='word_1_74' title='bbox 666 1457 806 1521; x_wconf 87' lang='lat' dir='ltr'><strong>nascitur</strong></span> <span class='ocrx_word' id='word_1_75' title='bbox 836 1457 1065 1533; x_wconf 81' lang='lat' dir='ltr'><strong>detrimentum,</strong></span> <span class='ocrx_word' id='word_1_76' title='bbox 1086 1454 1214 1520; x_wconf 91' lang='lat' dir='ltr'><strong>itidem·</strong></span> 
     </span>
    </p>

    <p class='ocr_par' dir='ltr' id='par_1_3' title="bbox 66 1558 1216 1953">
     <span class='ocr_line' id='line_1_11' title="bbox 66 1558 1216 1644; baseline 0 -21"><span class='ocrx_word' id='word_1_77' title='bbox 66 1576 156 1641; x_wconf 84' lang='lat' dir='ltr'><strong>nque</strong></span> <span class='ocrx_word' id='word_1_78' title='bbox 178 1559 230 1625; x_wconf 93' lang='lat' dir='ltr'><strong>illi</strong></span> <span class='ocrx_word' id='word_1_79' title='bbox 251 1562 303 1625; x_wconf 92' lang='lat' dir='ltr'><strong>cui</strong></span> <span class='ocrx_word' id='word_1_80' title='bbox 323 1562 463 1627; x_wconf 90' lang='lat' dir='ltr'><strong>omnium</strong></span> <span class='ocrx_word' id='word_1_81' title='bbox 485 1563 577 1643; x_wconf 84' lang='lat' dir='ltr'><strong>grata</strong></span> <span class='ocrx_word' id='word_1_82' title='bbox 598 1560 729 1644; x_wconf 89' lang='lat' dir='ltr'><strong>perditio</strong></span> <span class='ocrx_word' id='word_1_83' title='bbox 756 1562 803 1624; x_wconf 90' lang='lat' dir='ltr'><strong>est</strong></span> <span class='ocrx_word' id='word_1_84' title='bbox 825 1578 921 1625; x_wconf 90' lang='lat' dir='ltr'><strong>unum</strong></span> <span class='ocrx_word' id='word_1_85' title='bbox 943 1560 1065 1626; x_wconf 89' lang='lat' dir='ltr'><strong>lucrum</strong></span> <span class='ocrx_word' id='word_1_86' title='bbox 1087 1559 1139 1624; x_wconf 90' lang='lat' dir='ltr'><strong>uel</strong></span> <span class='ocrx_word' id='word_1_87' title='bbox 1161 1558 1216 1623; x_wconf 86' lang='lat' dir='ltr'><strong>tua</strong></span> 
     </span>
     <span class='ocr_line' id='line_1_12' title="bbox 95 1661 1215 1747; baseline -0.003 -20"><span class='ocrx_word' id='word_1_88' title='bbox 95 1663 147 1727; x_wconf 91' lang='lat' dir='ltr'><strong>nel</strong></span> <span class='ocrx_word' id='word_1_89' title='bbox 170 1662 280 1728; x_wconf 83' lang='lat' dir='ltr'><strong>fratris</strong></span> <span class='ocrx_word' id='word_1_90' title='bbox 302 1669 403 1730; x_wconf 86' lang='lat' dir='ltr'><strong>morte</strong></span> <span class='ocrx_word' id='word_1_91' title='bbox 417 1666 620 1747; x_wconf 85' lang='lat' dir='ltr'><strong>conquiritur.</strong></span> <span class='ocrx_word' id='word_1_92' title='bbox 653 1664 912 1746; x_wconf 82' lang='lat' dir='ltr'><strong>quemadmodum</strong></span> <span class='ocrx_word' id='word_1_93' title='bbox 927 1664 1084 1745; x_wconf 88' lang='lat' dir='ltr'><strong>postremo</strong></span> <span class='ocrx_word' id='word_1_94' title='bbox 1099 1661 1215 1745; x_wconf 88' lang='lat' dir='ltr'><strong>poterit</strong></span> 
     </span>
     <span class='ocr_line' id='line_1_13' title="bbox 94 1764 1216 1849; baseline -0.001 -20"><span class='ocrx_word' id='word_1_95' title='bbox 94 1765 145 1830; x_wconf 90' lang='lat' dir='ltr'><strong>nel</strong></span> <span class='ocrx_word' id='word_1_96' title='bbox 174 1770 302 1832; x_wconf 90' lang='lat' dir='ltr'><strong>tenuem</strong></span> <span class='ocrx_word' id='word_1_97' title='bbox 330 1770 436 1833; x_wconf 78' lang='lat' dir='ltr'><strong>oontm</strong></span> <span class='ocrx_word' id='word_1_98' title='bbox 464 1767 593 1833; x_wconf 88' lang='lat' dir='ltr'><strong>fratrem</strong></span> <span class='ocrx_word' id='word_1_99' title='bbox 621 1766 754 1832; x_wconf 90' lang='lat' dir='ltr'><strong>retinere</strong></span> <span class='ocrx_word' id='word_1_100' title='bbox 783 1765 959 1847; x_wconf 89' lang='lat' dir='ltr'><strong>tristitiam,</strong></span> <span class='ocrx_word' id='word_1_101' title='bbox 987 1767 1040 1849; x_wconf 92' lang='lat' dir='ltr'><strong>qni</strong></span> <span class='ocrx_word' id='word_1_102' title='bbox 1062 1784 1096 1831; x_wconf 91' lang='lat' dir='ltr'><strong>se</strong></span> <span class='ocrx_word' id='word_1_103' title='bbox 1118 1764 1216 1831; x_wconf 89' lang='lat' dir='ltr'><strong>credit</strong></span> 
     </span>
     <span class='ocr_line' id='line_1_14' title="bbox 95 1868 1049 1953; baseline 0 -20"><span class='ocrx_word' id='word_1_104' title='bbox 95 1868 221 1948; x_wconf 86' lang='lat' dir='ltr'><strong>cotidie,</strong></span> <span class='ocrx_word' id='word_1_105' title='bbox 243 1870 341 1935; x_wconf 89' lang='lat' dir='ltr'><strong>immo</strong></span> <span class='ocrx_word' id='word_1_106' title='bbox 363 1870 508 1936; x_wconf 91' lang='lat' dir='ltr'><strong>continuo</strong></span> <span class='ocrx_word' id='word_1_107' title='bbox 531 1872 571 1937; x_wconf 86' lang='lat' dir='ltr'><strong>ab</strong></span> <span class='ocrx_word' id='word_1_108' title='bbox 593 1870 651 1935; x_wconf 88' lang='lat' dir='ltr'><strong>hoc</strong></span> <span class='ocrx_word' id='word_1_109' title='bbox 675 1869 797 1935; x_wconf 89' lang='lat' dir='ltr'><strong>saeculo</strong></span> <span class='ocrx_word' id='word_1_110' title='bbox 820 1870 1049 1953; x_wconf 79' lang='lat' dir='ltr'><strong>migratumm?</strong></span> 
     </span>
    </p>
   </div>
   <div class='ocr_carea' id='block_1_3' title="bbox 67 1987 1219 2591">
    <p class='ocr_par' dir='ltr' id='par_1_4' title="bbox 67 1987 1219 2591">
     <span class='ocr_line' id='line_1_15' title="bbox 137 1987 1218 2076; baseline -0.002 -22"><span class='ocrx_word' id='word_1_111' title='bbox 137 1989 214 2055; x_wconf 88' lang='lat' dir='ltr'><strong>VII.</strong></span> <span class='ocrx_word' id='word_1_112' title='bbox 239 1989 328 2057; x_wconf 83' lang='lat' dir='ltr'><strong>Sicut</strong></span> <span class='ocrx_word' id='word_1_113' title='bbox 350 2010 422 2076; x_wconf 86' lang='lat' dir='ltr'><strong>ergo</strong></span> <span class='ocrx_word' id='word_1_114' title='bbox 444 1992 526 2057; x_wconf 86' lang='lat' dir='ltr'><strong>nihil</strong></span> <span class='ocrx_word' id='word_1_115' title='bbox 551 1991 802 2075; x_wconf 89' lang='lat' dir='ltr'><strong>praeponendum</strong></span> <span class='ocrx_word' id='word_1_116' title='bbox 825 1994 873 2056; x_wconf 91' lang='lat' dir='ltr'><strong>est</strong></span> <span class='ocrx_word' id='word_1_117' title='bbox 896 1991 1030 2068; x_wconf 88' lang='lat' dir='ltr'><strong>caritati,</strong></span> <span class='ocrx_word' id='word_1_118' title='bbox 1053 1990 1099 2055; x_wconf 89' lang='lat' dir='ltr'><strong>ita</strong></span> <span class='ocrx_word' id='word_1_119' title='bbox 1121 1987 1218 2055; x_wconf 83' lang='lat' dir='ltr'><strong>furori</strong></span> 
     </span>
     <span class='ocr_line' id='line_1_16' title="bbox 67 2092 1219 2178; baseline 0.002 -25"><span class='ocrx_word' id='word_1_120' title='bbox 67 2092 147 2157; x_wconf 75' lang='lat' dir='ltr'><strong>nuel</strong></span> <span class='ocrx_word' id='word_1_121' title='bbox 175 2093 356 2160; x_wconf 87' lang='lat' dir='ltr'><strong>iracundiae</strong></span> <span class='ocrx_word' id='word_1_122' title='bbox 385 2095 465 2160; x_wconf 90' lang='lat' dir='ltr'><strong>nihil</strong></span> <span class='ocrx_word' id='word_1_123' title='bbox 497 2097 588 2159; x_wconf 90' lang='lat' dir='ltr'><strong>este</strong></span> <span class='ocrx_word' id='word_1_124' title='bbox 624 2094 777 2160; x_wconf 75' lang='lat' dir='ltr'><strong>mntrario</strong></span> <span class='ocrx_word' id='word_1_125' title='bbox 814 2094 1070 2178; x_wconf 89' lang='lat' dir='ltr'><strong>postponendum.</strong></span> <span class='ocrx_word' id='word_1_126' title='bbox 1116 2092 1219 2157; x_wconf 88' lang='lat' dir='ltr'><strong>omnia</strong></span> 
     </span>
     <span class='ocr_line' id='line_1_17' title="bbox 95 2194 1218 2281; baseline 0 -22"><span class='ocrx_word' id='word_1_127' title='bbox 95 2213 242 2281; x_wconf 89' lang='lat' dir='ltr'><strong>namque,</strong></span> <span class='ocrx_word' id='word_1_128' title='bbox 270 2199 414 2279; x_wconf 89' lang='lat' dir='ltr'><strong>quamuis</strong></span> <span class='ocrx_word' id='word_1_129' title='bbox 445 2199 538 2264; x_wconf 91' lang='lat' dir='ltr'><strong>utilia</strong></span> <span class='ocrx_word' id='word_1_130' title='bbox 565 2215 601 2264; x_wconf 88' lang='lat' dir='ltr'><strong>ac</strong></span> <span class='ocrx_word' id='word_1_131' title='bbox 629 2198 804 2264; x_wconf 87' lang='lat' dir='ltr'><strong>necessaria</strong></span> <span class='ocrx_word' id='word_1_132' title='bbox 837 2196 1011 2279; x_wconf 85' lang='lat' dir='ltr'><strong>uideantur,</strong></span> <span class='ocrx_word' id='word_1_133' title='bbox 1045 2194 1218 2279; x_wconf 85' lang='lat' dir='ltr'><strong>spernenda</strong></span> 
     </span>
     <span class='ocr_line' id='line_1_18' title="bbox 95 2296 1218 2386; baseline -0.003 -23"><span class='ocrx_word' id='word_1_134' title='bbox 95 2304 170 2364; x_wconf 87' lang='lat' dir='ltr'><strong>sunt</strong></span> <span class='ocrx_word' id='word_1_135' title='bbox 198 2302 315 2377; x_wconf 89' lang='lat' dir='ltr'><strong>tannen,</strong></span> <span class='ocrx_word' id='word_1_136' title='bbox 343 2302 381 2367; x_wconf 92' lang='lat' dir='ltr'><strong>ut</strong></span> <span class='ocrx_word' id='word_1_137' title='bbox 408 2302 471 2366; x_wconf 87' lang='lat' dir='ltr'><strong>irae</strong></span> <span class='ocrx_word' id='word_1_138' title='bbox 503 2302 695 2386; x_wconf 78' lang='lat' dir='ltr'><strong>perturbatio</strong></span> <span class='ocrx_word' id='word_1_139' title='bbox 729 2302 895 2378; x_wconf 88' lang='lat' dir='ltr'><strong>denitetur,</strong></span> <span class='ocrx_word' id='word_1_140' title='bbox 928 2298 961 2366; x_wconf 89' lang='lat' dir='ltr'><strong>at</strong></span> <span class='ocrx_word' id='word_1_141' title='bbox 990 2298 1094 2363; x_wconf 87' lang='lat' dir='ltr'><strong>omnia</strong></span> <span class='ocrx_word' id='word_1_142' title='bbox 1122 2296 1218 2361; x_wconf 87' lang='lat' dir='ltr'><strong>etiam</strong></span> 
     </span>
     <span class='ocr_line' id='line_1_19' title="bbox 95 2400 1218 2487; baseline -0.003 -21"><span class='ocrx_word' id='word_1_143' title='bbox 95 2420 176 2485; x_wconf 86' lang='lat' dir='ltr'><strong>quae</strong></span> <span class='ocrx_word' id='word_1_144' title='bbox 204 2404 356 2486; x_wconf 88' lang='lat' dir='ltr'><strong>putantur</strong></span> <span class='ocrx_word' id='word_1_145' title='bbox 383 2407 513 2470; x_wconf 87' lang='lat' dir='ltr'><strong>aduersa</strong></span> <span class='ocrx_word' id='word_1_146' title='bbox 539 2403 735 2487; x_wconf 88' lang='lat' dir='ltr'><strong>suscipienda</strong></span> <span class='ocrx_word' id='word_1_147' title='bbox 763 2407 855 2487; x_wconf 86' lang='lat' dir='ltr'><strong>etque</strong></span> <span class='ocrx_word' id='word_1_148' title='bbox 883 2402 1043 2467; x_wconf 89' lang='lat' dir='ltr'><strong>toleranda</strong></span> <span class='ocrx_word' id='word_1_149' title='bbox 1070 2400 1154 2479; x_wconf 92' lang='lat' dir='ltr'><strong>sunt,</strong></span> <span class='ocrx_word' id='word_1_150' title='bbox 1180 2401 1218 2464; x_wconf 93' lang='lat' dir='ltr'><strong>nt</strong></span> 
     </span>
     <span class='ocr_line' id='line_1_20' title="bbox 95 2503 1217 2591; baseline -0.002 -22"><span class='ocrx_word' id='word_1_151' title='bbox 95 2505 275 2571; x_wconf 86' lang='lat' dir='ltr'><strong>dilectionis</strong></span> <span class='ocrx_word' id='word_1_152' title='bbox 303 2506 449 2591; x_wconf 88' lang='lat' dir='ltr'><strong>pacisque</strong></span> <span class='ocrx_word' id='word_1_153' title='bbox 477 2508 693 2590; x_wconf 85' lang='lat' dir='ltr'><strong>tranquillitas</strong></span> <span class='ocrx_word' id='word_1_154' title='bbox 724 2507 859 2573; x_wconf 87' lang='lat' dir='ltr'><strong>inlibata</strong></span> <span class='ocrx_word' id='word_1_155' title='bbox 886 2508 1038 2583; x_wconf 88' lang='lat' dir='ltr'><strong>seruetur,</strong></span> <span class='ocrx_word' id='word_1_156' title='bbox 1067 2503 1140 2585; x_wconf 88' lang='lat' dir='ltr'><strong>quia</strong></span> <span class='ocrx_word' id='word_1_157' title='bbox 1161 2520 1217 2568; x_wconf 93' lang='lat' dir='ltr'><strong>nec</strong></span> 
     </span>
    </p>
   </div>
   <div class='ocr_carea' id='block_1_4' title="bbox 65 2605 1217 2780">
    <p class='ocr_par' dir='ltr' id='par_1_5' title="bbox 65 2605 1217 2780">
     <span class='ocr_line' id='line_1_21' title="bbox 65 2605 1217 2694; baseline -0.003 -20"><span class='ocrx_word' id='word_1_158' title='bbox 65 2609 142 2675; x_wconf 75' lang='lat' dir='ltr'><strong>ena</strong></span> <span class='ocrx_word' id='word_1_159' title='bbox 171 2611 267 2692; x_wconf 86' lang='lat' dir='ltr'><strong>atque</strong></span> <span class='ocrx_word' id='word_1_160' title='bbox 294 2611 424 2676; x_wconf 90' lang='lat' dir='ltr'><strong>tristitia</strong></span> <span class='ocrx_word' id='word_1_161' title='bbox 451 2611 652 2694; x_wconf 88' lang='lat' dir='ltr'><strong>perniciosius</strong></span> <span class='ocrx_word' id='word_1_162' title='bbox 683 2609 847 2693; x_wconf 87' lang='lat' dir='ltr'><strong>quicquam</strong></span> <span class='ocrx_word' id='word_1_163' title='bbox 874 2627 929 2675; x_wconf 87' lang='lat' dir='ltr'><strong>nac</strong></span> <span class='ocrx_word' id='word_1_164' title='bbox 951 2607 1082 2674; x_wconf 86' lang='lat' dir='ltr'><strong>caritate</strong></span> <span class='ocrx_word' id='word_1_165' title='bbox 1104 2605 1217 2672; x_wconf 91' lang='lat' dir='ltr'><strong>utilius</strong></span> 
     </span>
     <span class='ocr_line' id='line_1_22' title="bbox 95 2714 361 2780; baseline 0.008 -2"><span class='ocrx_word' id='word_1_166' title='bbox 95 2714 144 2778; x_wconf 88' lang='lat' dir='ltr'><strong>est</strong></span> <span class='ocrx_word' id='word_1_167' title='bbox 165 2714 361 2780; x_wconf 88' lang='lat' dir='ltr'><strong>credendum.</strong></span> 
     </span>
    </p>
   </div>
   <div class='ocr_carea' id='block_1_5' title="bbox 68 2828 1219 3431">
    <p class='ocr_par' dir='ltr' id='par_1_6' title="bbox 96 2828 1219 3126">
     <span class='ocr_line' id='line_1_23' title="bbox 137 2828 1218 2919; baseline -0.006 -19"><span class='ocrx_word' id='word_1_168' title='bbox 137 2835 231 2900; x_wconf 81' lang='lat' dir='ltr'><strong>vm.</strong></span> <span class='ocrx_word' id='word_1_169' title='bbox 266 2836 348 2902; x_wconf 88' lang='lat' dir='ltr'><strong>Nam</strong></span> <span class='ocrx_word' id='word_1_170' title='bbox 381 2836 641 2919; x_wconf 90' lang='lat' dir='ltr'><strong>quemadmodum</strong></span> <span class='ocrx_word' id='word_1_171' title='bbox 678 2835 818 2901; x_wconf 64' lang='lat' dir='ltr'><strong>annales</strong></span> <span class='ocrx_word' id='word_1_172' title='bbox 856 2833 955 2900; x_wconf 88' lang='lat' dir='ltr'><strong>adhuc</strong></span> <span class='ocrx_word' id='word_1_173' title='bbox 992 2833 1023 2897; x_wconf 91' lang='lat' dir='ltr'><strong>et</strong></span> <span class='ocrx_word' id='word_1_174' title='bbox 1055 2828 1218 2897; x_wconf 89' lang='lat' dir='ltr'><strong>inbecillos</strong></span> 
     </span>
     <span class='ocr_line' id='line_1_24' title="bbox 96 2930 1219 3023; baseline -0.004 -21"><span class='ocrx_word' id='word_1_175' title='bbox 96 2936 211 3002; x_wconf 86' lang='lat' dir='ltr'><strong>fratres</strong></span> <span class='ocrx_word' id='word_1_176' title='bbox 240 2937 278 3004; x_wconf 90' lang='lat' dir='ltr'><strong>ob</strong></span> <span class='ocrx_word' id='word_1_177' title='bbox 306 2938 404 3003; x_wconf 92' lang='lat' dir='ltr'><strong>uilem</strong></span> <span class='ocrx_word' id='word_1_178' title='bbox 435 2941 649 3023; x_wconf 83' lang='lat' dir='ltr'><strong>terrenamque</strong></span> <span class='ocrx_word' id='word_1_179' title='bbox 677 2938 885 3006; x_wconf 77' lang='lat' dir='ltr'><strong>substantiam</strong></span> <span class='ocrx_word' id='word_1_180' title='bbox 906 2935 968 3002; x_wconf 91' lang='lat' dir='ltr'><strong>cita</strong></span> <span class='ocrx_word' id='word_1_181' title='bbox 988 2933 1134 3002; x_wconf 91' lang='lat' dir='ltr'><strong>inimicus</strong></span> <span class='ocrx_word' id='word_1_182' title='bbox 1155 2930 1219 2998; x_wconf 91' lang='lat' dir='ltr'><strong>bile</strong></span> 
     </span>
     <span class='ocr_line' id='line_1_25' title="bbox 97 3038 1219 3126; baseline -0.006 -20"><span class='ocrx_word' id='word_1_183' title='bbox 97 3039 262 3125; x_wconf 81' lang='lat' dir='ltr'><strong>disiungit,</strong></span> <span class='ocrx_word' id='word_1_184' title='bbox 288 3040 336 3106; x_wconf 89' lang='lat' dir='ltr'><strong>ita</strong></span> <span class='ocrx_word' id='word_1_185' title='bbox 364 3041 461 3107; x_wconf 90' lang='lat' dir='ltr'><strong>etiam</strong></span> <span class='ocrx_word' id='word_1_186' title='bbox 489 3042 573 3107; x_wconf 90' lang='lat' dir='ltr'><strong>inter</strong></span> <span class='ocrx_word' id='word_1_187' title='bbox 600 3042 758 3124; x_wconf 88' lang='lat' dir='ltr'><strong>spiritales</strong></span> <span class='ocrx_word' id='word_1_188' title='bbox 785 3041 889 3126; x_wconf 83' lang='lat' dir='ltr'><strong>gignit</strong></span> <span class='ocrx_word' id='word_1_189' title='bbox 915 3059 971 3126; x_wconf 91' lang='lat' dir='ltr'><strong>pro</strong></span> <span class='ocrx_word' id='word_1_190' title='bbox 1000 3038 1219 3106; x_wconf 90' lang='lat' dir='ltr'><strong>intellectuum</strong></span> 
     </span>
    </p>

    <p class='ocr_par' dir='ltr' id='par_1_7' title="bbox 68 3141 1218 3431">
     <span class='ocr_line' id='line_1_26' title="bbox 68 3141 1218 3226; baseline 0.001 -23"><span class='ocrx_word' id='word_1_191' title='bbox 68 3143 281 3209; x_wconf 76' lang='lat' dir='ltr'><strong>adiuersitate</strong></span> <span class='ocrx_word' id='word_1_192' title='bbox 303 3143 499 3226; x_wconf 88' lang='lat' dir='ltr'><strong>discordiam,</strong></span> <span class='ocrx_word' id='word_1_193' title='bbox 524 3164 560 3209; x_wconf 87' lang='lat' dir='ltr'><strong>er</strong></span> <span class='ocrx_word' id='word_1_194' title='bbox 583 3163 645 3226; x_wconf 92' lang='lat' dir='ltr'><strong>qua</strong></span> <span class='ocrx_word' id='word_1_195' title='bbox 672 3143 738 3211; x_wconf 89' lang='lat' dir='ltr'><strong>sine</strong></span> <span class='ocrx_word' id='word_1_196' title='bbox 761 3145 854 3212; x_wconf 91' lang='lat' dir='ltr'><strong>dubio</strong></span> <span class='ocrx_word' id='word_1_197' title='bbox 885 3143 1096 3211; x_wconf 89' lang='lat' dir='ltr'><strong>contentiones</strong></span> <span class='ocrx_word' id='word_1_198' title='bbox 1118 3141 1218 3205; x_wconf 88' lang='lat' dir='ltr'><strong>rixae-</strong></span> 
     </span>
     <span class='ocr_line' id='line_1_27' title="bbox 97 3243 1218 3333; baseline -0.003 -23"><span class='ocrx_word' id='word_1_199' title='bbox 97 3263 157 3328; x_wconf 90' lang='lat' dir='ltr'><strong>que</strong></span> <span class='ocrx_word' id='word_1_200' title='bbox 179 3245 356 3325; x_wconf 87' lang='lat' dir='ltr'><strong>uerbornm,</strong></span> <span class='ocrx_word' id='word_1_201' title='bbox 379 3265 455 3329; x_wconf 86' lang='lat' dir='ltr'><strong>quas</strong></span> <span class='ocrx_word' id='word_1_202' title='bbox 482 3249 638 3330; x_wconf 84' lang='lat' dir='ltr'><strong>apostolus</strong></span> <span class='ocrx_word' id='word_1_203' title='bbox 659 3248 800 3333; x_wconf 87' lang='lat' dir='ltr'><strong>damnat,</strong></span> <span class='ocrx_word' id='word_1_204' title='bbox 816 3247 999 3331; x_wconf 89' lang='lat' dir='ltr'><strong>plerumque</strong></span> <span class='ocrx_word' id='word_1_205' title='bbox 1014 3243 1218 3328; x_wconf 85' lang='lat' dir='ltr'><strong>consurgunt:</strong></span> 
     </span>
     <span class='ocr_line' id='line_1_28' title="bbox 96 3344 1217 3431; baseline -0.004 -18"><span class='ocrx_word' id='word_1_206' title='bbox 96 3347 177 3414; x_wconf 91' lang='lat' dir='ltr'><strong>unde</strong></span> <span class='ocrx_word' id='word_1_207' title='bbox 199 3349 421 3431; x_wconf 89' lang='lat' dir='ltr'><strong>consequenter</strong></span> <span class='ocrx_word' id='word_1_208' title='bbox 449 3349 585 3416; x_wconf 90' lang='lat' dir='ltr'><strong>diuortia</strong></span> <span class='ocrx_word' id='word_1_209' title='bbox 605 3350 689 3415; x_wconf 86' lang='lat' dir='ltr'><strong>inter</strong></span> <span class='ocrx_word' id='word_1_210' title='bbox 714 3350 891 3416; x_wconf 86' lang='lat' dir='ltr'><strong>unianimes</strong></span> <span class='ocrx_word' id='word_1_211' title='bbox 914 3351 1026 3417; x_wconf 84' lang='lat' dir='ltr'><strong>fratres</strong></span> <span class='ocrx_word' id='word_1_212' title='bbox 1048 3346 1145 3415; x_wconf 89' lang='lat' dir='ltr'><strong>hostis</strong></span> <span class='ocrx_word' id='word_1_213' title='bbox 1168 3344 1217 3410; x_wconf 93' lang='lat' dir='ltr'><strong>in·</strong></span> 
     </span>
    </p>
   </div>
   <div class='ocr_carea' id='block_1_6' title="bbox 202 3568 1056 3636">
    <p class='ocr_par' dir='ltr' id='par_1_8' title="bbox 202 3568 1056 3636">
     <span class='ocr_line' id='line_1_29' title="bbox 202 3568 1056 3636; baseline 0.002 -14"><span class='ocrx_word' id='word_1_214' title='bbox 202 3568 381 3636; x_wconf 64' lang='lat' dir='ltr'><strong>macta</strong></span> <span class='ocrx_word' id='word_1_215' title='bbox 482 3569 696 3636; x_wconf 64' lang='lat' dir='ltr'><strong>utinam</strong></span> <span class='ocrx_word' id='word_1_216' title='bbox 796 3569 1056 3636; x_wconf 58' lang='lat' dir='ltr'><strong>adeodatam</strong></span> 
     </span>
    </p>
   </div>
   <div class='ocr_carea' id='block_1_7' title="bbox 97 3773 1221 4434">
    <p class='ocr_par' dir='ltr' id='par_1_9' title="bbox 97 3773 1221 4434">
     <span class='ocr_line' id='line_1_30' title="bbox 149 3773 1154 3846; baseline -0.001 -19"><span class='ocrx_word' id='word_1_217' title='bbox 149 3776 164 3827; x_wconf 92' lang='lat'>1</span> <span class='ocrx_word' id='word_1_218' title='bbox 184 3773 269 3845; x_wconf 62' lang='lat' dir='ltr'><strong>mam]</strong></span> <span class='ocrx_word' id='word_1_219' title='bbox 287 3779 403 3830; x_wconf 84' lang='lat' dir='ltr'><strong>nostram</strong></span> <span class='ocrx_word' id='word_1_220' title='bbox 421 3776 509 3831; x_wconf 74' lang='lat' dir='ltr'><strong>Y0o=</strong></span> <span class='ocrx_word' id='word_1_221' title='bbox 535 3791 585 3832; x_wconf 70' lang='lat' dir='ltr'><strong>ocra</strong></span> <span class='ocrx_word' id='word_1_222' title='bbox 603 3778 633 3828; x_wconf 86' lang='lat' dir='ltr'><em>H</em></span> <span class='ocrx_word' id='word_1_223' title='bbox 647 3775 840 3846; x_wconf 68' lang='lat' dir='ltr'><strong>cficop.17‚1</strong></span> <span class='ocrx_word' id='word_1_224' title='bbox 933 3777 950 3832; x_wconf 85' lang='lat'><strong>3</strong></span> <span class='ocrx_word' id='word_1_225' title='bbox 967 3775 1079 3831; x_wconf 88' lang='lat' dir='ltr'><strong>delinire</strong></span> <span class='ocrx_word' id='word_1_226' title='bbox 1096 3775 1154 3827; x_wconf 69' lang='grc' dir='ltr'><strong>ΣΤ</strong></span> 
     </span>
     <span class='ocr_line' id='line_1_31' title="bbox 98 3857 1220 3932; baseline 0 -20"><span class='ocrx_word' id='word_1_227' title='bbox 98 3859 117 3912; x_wconf 81' lang='lat'>4</span> <span class='ocrx_word' id='word_1_228' title='bbox 137 3857 267 3927; x_wconf 84' lang='lat' dir='ltr'><strong>dispicias</strong></span> <span class='ocrx_word' id='word_1_229' title='bbox 288 3861 320 3912; x_wconf 87' lang='grc' dir='ltr'>Π</span> <span class='ocrx_word' id='word_1_230' title='bbox 420 3862 500 3916; x_wconf 93' lang='lat' dir='ltr'><strong>modo</strong></span> <span class='ocrx_word' id='word_1_231' title='bbox 522 3876 640 3932; x_wconf 83' lang='lat' dir='ltr'><strong>namque</strong></span> <span class='ocrx_word' id='word_1_232' title='bbox 661 3865 688 3916; x_wconf 78' lang='lat' dir='ltr'><em>Y</em></span> <span class='ocrx_word' id='word_1_233' title='bbox 786 3865 804 3918; x_wconf 81' lang='lat' dir='ltr'><strong>t</strong></span> <span class='ocrx_word' id='word_1_234' title='bbox 827 3863 968 3919; x_wconf 82' lang='lat' dir='ltr'><strong>aduersum</strong></span> <span class='ocrx_word' id='word_1_235' title='bbox 993 3864 1018 3917; x_wconf 92' lang='grc'>0</span> <span class='ocrx_word' id='word_1_236' title='bbox 1120 3862 1137 3916; x_wconf 87' lang='grc'><strong>6</strong></span> <span class='ocrx_word' id='word_1_237' title='bbox 1159 3873 1220 3913; x_wconf 91' lang='lat' dir='ltr'><strong>con·</strong></span> 
     </span>
     <span class='ocr_line' id='line_1_32' title="bbox 97 3943 1219 4017; baseline -0.001 -21"><span class='ocrx_word' id='word_1_238' title='bbox 97 3943 202 4012; x_wconf 86' lang='lat' dir='ltr'><strong>tcmpni</strong></span> <span class='ocrx_word' id='word_1_239' title='bbox 225 3944 256 3996; x_wconf 83' lang='lat'><strong>11</strong></span> <span class='ocrx_word' id='word_1_240' title='bbox 357 3945 452 4001; x_wconf 87' lang='lat' dir='ltr'><strong>debere</strong></span> <span class='ocrx_word' id='word_1_241' title='bbox 469 3949 604 4002; x_wconf 87' lang='lat' dir='ltr'><strong>contemni</strong></span> <span class='ocrx_word' id='word_1_242' title='bbox 628 3951 654 4000; x_wconf 74' lang='grc' dir='ltr'><strong><em>Τ</em></strong></span> <span class='ocrx_word' id='word_1_243' title='bbox 755 3950 860 4017; x_wconf 84' lang='lat' dir='ltr'><strong>&#39;laput</strong></span> <span class='ocrx_word' id='word_1_244' title='bbox 882 3949 940 4002; x_wconf 86' lang='grc' dir='ltr'><strong>ΣΟ</strong></span> <span class='ocrx_word' id='word_1_245' title='bbox 1042 3944 1219 4001; x_wconf 72' lang='lat' dir='ltr'><strong>tintoritum</strong></span> 
     </span>
     <span class='ocr_line' id='line_1_33' title="bbox 99 4029 1220 4090; baseline 0.004 -10"><span class='ocrx_word' id='word_1_246' title='bbox 99 4029 175 4080; x_wconf 79' lang='lat' dir='ltr'><strong>atil</strong></span> <span class='ocrx_word' id='word_1_247' title='bbox 278 4031 422 4086; x_wconf 70' lang='lat'>1011102</span> <span class='ocrx_word' id='word_1_248' title='bbox 507 4035 635 4088; x_wconf 60' lang='lat' dir='ltr'><strong>unarum*</strong></span> <span class='ocrx_word' id='word_1_249' title='bbox 737 4035 897 4090; x_wconf 73' lang='lat' dir='ltr'><strong>ltcott.l&#39;</strong></span> <span class='ocrx_word' id='word_1_250' title='bbox 998 4030 1220 4088; x_wconf 67' lang='lat' dir='ltr'><strong>nemeaea</strong></span> 
     </span>
     <span class='ocr_line' id='line_1_34' title="bbox 99 4114 1153 4189; baseline 0.002 -23"><span class='ocrx_word' id='word_1_251' title='bbox 99 4114 159 4181; x_wconf 72' lang='lat' dir='ltr'><strong>queit</strong></span> <span class='ocrx_word' id='word_1_252' title='bbox 175 4115 202 4166; x_wconf 68' lang='grc' dir='ltr'><strong><em>Τ</em></strong></span> <span class='ocrx_word' id='word_1_253' title='bbox 304 4115 337 4171; x_wconf 83' lang='grc'><strong>17</strong></span> <span class='ocrx_word' id='word_1_254' title='bbox 354 4116 486 4171; x_wconf 85' lang='lat' dir='ltr'><strong>diuitetur</strong></span> <span class='ocrx_word' id='word_1_255' title='bbox 502 4119 543 4170; x_wconf 80' lang='grc' dir='ltr'><strong>Π1</strong></span> <span class='ocrx_word' id='word_1_256' title='bbox 641 4119 736 4189; x_wconf 66' lang='lat' dir='ltr'><strong>odam]</strong></span> <span class='ocrx_word' id='word_1_257' title='bbox 753 4121 825 4174; x_wconf 91' lang='lat' dir='ltr'><strong>enim</strong></span> <span class='ocrx_word' id='word_1_258' title='bbox 842 4121 872 4172; x_wconf 89' lang='grc' dir='ltr'><em>Π</em></span> <span class='ocrx_word' id='word_1_259' title='bbox 974 4117 1008 4173; x_wconf 72' lang='lat'><strong>20</strong></span> <span class='ocrx_word' id='word_1_260' title='bbox 1026 4114 1153 4187; x_wconf 87' lang='lat' dir='ltr'><strong>adqueO</strong></span> 
     </span>
     <span class='ocr_line' id='line_1_35' title="bbox 99 4199 1221 4278; baseline 0.001 -25"><span class='ocrx_word' id='word_1_261' title='bbox 99 4199 229 4254; x_wconf 76' lang='lat' dir='ltr'><strong>tristitiae</strong></span> <span class='ocrx_word' id='word_1_262' title='bbox 245 4201 285 4252; x_wconf 81' lang='lat'><strong>11¹</strong></span> <span class='ocrx_word' id='word_1_263' title='bbox 381 4205 479 4271; x_wconf 84' lang='lat' dir='ltr'><strong>paruit.</strong></span> <span class='ocrx_word' id='word_1_264' title='bbox 498 4206 557 4258; x_wconf 69' lang='grc' dir='ltr'><strong>ΠΤ</strong></span> <span class='ocrx_word' id='word_1_265' title='bbox 656 4207 691 4261; x_wconf 75' lang='lat'><strong>22</strong></span> <span class='ocrx_word' id='word_1_266' title='bbox 707 4222 765 4262; x_wconf 76' lang='lat' dir='ltr'><strong>aon</strong></span> <span class='ocrx_word' id='word_1_267' title='bbox 782 4207 928 4278; x_wconf 79' lang='lat' dir='ltr'><strong>distinquit</strong></span> <span class='ocrx_word' id='word_1_268' title='bbox 946 4210 971 4259; x_wconf 77' lang='lat' dir='ltr'><em>Y</em></span> <span class='ocrx_word' id='word_1_269' title='bbox 1065 4201 1221 4258; x_wconf 83' lang='lat' dir='ltr'><strong>inbeccillos</strong></span> 
     </span>
     <span class='ocr_line' id='line_1_36' title="bbox 100 4285 1153 4363; baseline 0.005 -26"><span class='ocrx_word' id='word_1_270' title='bbox 100 4285 129 4336; x_wconf 86' lang='grc' dir='ltr'><strong><em>Σ</em></strong></span> <span class='ocrx_word' id='word_1_271' title='bbox 155 4285 291 4342; x_wconf 84' lang='lat' dir='ltr'><strong>inbicillos</strong></span> <span class='ocrx_word' id='word_1_272' title='bbox 307 4289 342 4341; x_wconf 63' lang='lat' dir='ltr'><strong>i*</strong></span> <span class='ocrx_word' id='word_1_273' title='bbox 370 4290 508 4345; x_wconf 85' lang='lat' dir='ltr'><strong>inbecilles</strong></span> <span class='ocrx_word' id='word_1_274' title='bbox 525 4291 648 4363; x_wconf 61' lang='lat' dir='ltr'><strong>mmo)</strong></span> <span class='ocrx_word' id='word_1_275' title='bbox 742 4293 776 4348; x_wconf 77' lang='lat'><strong>23</strong></span> <span class='ocrx_word' id='word_1_276' title='bbox 794 4294 847 4348; x_wconf 90' lang='lat' dir='ltr'><strong>cito</strong></span> <span class='ocrx_word' id='word_1_277' title='bbox 864 4296 890 4346; x_wconf 74' lang='lat' dir='ltr'><em>Y</em></span> <span class='ocrx_word' id='word_1_278' title='bbox 916 4292 1027 4348; x_wconf 89' lang='lat' dir='ltr'><strong>citraO</strong></span> <span class='ocrx_word' id='word_1_279' title='bbox 1056 4289 1153 4345; x_wconf 87' lang='lat' dir='ltr'><strong>nilsO</strong></span> 
     </span>
     <span class='ocr_line' id='line_1_37' title="bbox 100 4369 1154 4434; baseline 0.007 -11"><span class='ocrx_word' id='word_1_280' title='bbox 100 4369 134 4423; x_wconf 79' lang='grc'><strong>27</strong></span> <span class='ocrx_word' id='word_1_281' title='bbox 152 4371 270 4428; x_wconf 85' lang='lat' dir='ltr'><strong>dinorsla</strong></span> <span class='ocrx_word' id='word_1_282' title='bbox 287 4374 315 4425; x_wconf 85' lang='grc' dir='ltr'><strong><em>Σ</em></strong></span> <span class='ocrx_word' id='word_1_283' title='bbox 400 4375 551 4431; x_wconf 79' lang='lat' dir='ltr'><strong>unianimes</strong></span> <span class='ocrx_word' id='word_1_284' title='bbox 568 4377 651 4431; x_wconf 71' lang='lat'><strong>20¹:</strong></span> <span class='ocrx_word' id='word_1_285' title='bbox 678 4381 818 4434; x_wconf 88' lang='lat' dir='ltr'><strong>unanimos</strong></span> <span class='ocrx_word' id='word_1_286' title='bbox 835 4380 931 4434; x_wconf 63' lang='grc' dir='ltr'><strong>ΠΜ</strong></span> <span class='ocrx_word' id='word_1_287' title='bbox 1016 4377 1108 4433; x_wconf 83' lang='lat' dir='ltr'><strong>hostes</strong></span> <span class='ocrx_word' id='word_1_288' title='bbox 1125 4378 1154 4429; x_wconf 87' lang='lat' dir='ltr'><strong>ll</strong></span> 
     </span>
    </p>
   </div>
   <div class='ocr_carea' id='block_1_8' title="bbox 0 0 1517 5200">
    <p class='ocr_par' dir='ltr' id='par_1_10' title="bbox 0 0 1517 5200">
     <span class='ocr_line' id='line_1_38' title="bbox 0 0 1517 5200; baseline 0 0"><span class='ocrx_word' id='word_1_289' title='bbox 0 0 1517 5200; x_wconf 95' lang='lat' dir='ltr'><strong> </strong></span> 
     </span>
    </p>
   </div>
  </div>
 </body>
</html>
