3009 5200
337 438 400 504 132
724 437 892 494 Iohannis
917 439 1076 496 Cassiani

335 631 488 710 sequemr.
529 627 567 693 de
603 631 738 696 secunda
781 631 875 714 igniti
917 631 1059 699 luxuriae
1094 651 1131 699 ac
1173 633 1316 700 lubidinis
1358 637 1454 702 aculei

334 731 532 798 suscitantur.
582 733 677 798 tertis
713 733 810 800 etiam
846 733 1074 803 inextricabiles
1117 735 1294 822 filargyriao
1331 738 1454 822 laqueos

334 835 430 901 nocht
458 833 631 901 ceruicibus
662 835 859 920 captiuorum
885 855 943 904 nec
970 839 1139 922 aliqnando
1168 839 1352 907 menaehem
1380 840 1455 907 sinit

333 937 471 1021 perlecta
492 937 610 1005 curun
631 939 776 1005 nuditate
796 939 932 1006 tonderi.
970 941 1060 1006 cuins
1081 941 1173 1008 nobis
1186 942 1340 1026 passionis
1354 942 1452 1008 inesse

333 1041 466 1124 uosfigia
496 1039 558 1107 isto
591 1059 711 1126 quoquo
742 1042 1003 1125 deprehendimus
1039 1042 1165 1120 indicio,
1201 1063 1272 1111 cnm
1304 1046 1384 1110 torte
1415 1047 1483 1111 ads

332 1143 532 1210 relectionem
554 1143 673 1211 detenti
696 1144 735 1210 ab
760 1144 864 1231 eiquo
892 1145 1027 1211 nultum
1048 1147 1188 1212 consenti
1208 1163 1270 1213 non
1290 1165 1398 1213 sumus
1419 1165 1452 1212 oo

332 1266 442 1332 sapore
457 1247 542 1314 cibos
557 1265 680 1313 musore
696 1265 757 1331 qno
770 1250 810 1316 ab
826 1247 991 1315 exhibente
1008 1247 1126 1315 conditi
1141 1253 1224 1328 sunt,
1239 1249 1295 1316 sed
1310 1251 1451 1333 quiddam

332 1349 514 1436 superfundi
543 1351 587 1418 cis
615 1350 667 1416 uel
694 1349 776 1417 adici
802 1351 970 1434 inportuna
997 1354 1090 1436 etque
1123 1352 1271 1419 effrenata
1299 1353 1451 1438 poscimus

300 1447 489 1522 3libertuts.
527 1453 608 1540 quod
641 1455 709 1520 fleri
741 1454 867 1537 penitus
900 1473 961 1520 uon
993 1457 1117 1538 oportet
1148 1455 1251 1521 tribus
1276 1457 1315 1521 de
1342 1457 1449 1522 causis.

329 1562 430 1642 primo
462 1557 536 1642 qnia
562 1576 648 1625 meus
669 1556 812 1623 monachi
840 1575 961 1642 semper
988 1558 1081 1624 debet
1103 1557 1137 1622 in
1159 1559 1245 1624 omni
1270 1559 1483 1625 tolerantiaero

329 1680 365 1726 ao
396 1661 560 1746 parcitatis
594 1660 814 1727 exeruistiono
850 1661 969 1726 ueremi
1002 1665 1035 1726 et
1068 1660 1238 1726 secondum
1278 1664 1449 1745 apostolum

328 1764 447 1831 discere
469 1763 636 1850 inquibus
657 1766 705 1829 est
725 1763 883 1829 sufficiens
910 1781 988 1828 esse.
1024 1764 1204 1830 nullatenus
1231 1764 1315 1829 onim
1336 1766 1449 1848 poterit

329 1869 380 1934 uel
407 1865 529 1934 occulta
557 1867 609 1933 uel
637 1867 757 1932 rumora
782 1867 921 1948 corporis
948 1866 1104 1933 desideria
1130 1867 1297 1946 redonare,
1318 1867 1447 1951 quisque

328 1971 544 2056 degustatione
572 1969 709 2038 modicae
738 1971 940 2038 insuanitatie
967 1971 1101 2038 offensus
1131 1991 1170 2038 ue
1195 1975 1234 2038 ed
1256 1977 1448 2038 momentum

328 2076 454 2160 quidam
476 2075 603 2142 delicias
624 2076 762 2158 gutturis
783 2077 833 2142 sui
855 2075 992 2142 ualnuit
1007 2077 1171 2161 castigare.
1207 2077 1343 2143 secundo
1369 2078 1480 2160 quoda

327 2197 559 2262 nonnumquam
592 2178 707 2258 euenit,
739 2179 778 2243 ut
809 2178 850 2243 ad
881 2177 990 2244 horam
1022 2179 1105 2244 desit
1132 2179 1191 2244 illa
1222 2181 1340 2264 specics
1373 2198 1447 2263 qnae

325 2285 500 2368 postulatur
521 2301 540 2347 a
561 2281 649 2348 nobis
677 2283 709 2348 et
736 2283 955 2349 uerecundiam
983 2283 1162 2349 necessitati
1192 2284 1245 2349 nel
1273 2283 1446 2367 frugalitati

326 2386 523 2471 suscipientis
545 2385 726 2469 incutimus,
757 2385 954 2468 publicantes
981 2385 1103 2453 scilieet
1134 2387 1350 2471 paupertatem
1383 2387 1445 2451 eins

325 2508 419 2574 quam
441 2489 500 2556 soli
523 2487 580 2555 deo
602 2490 759 2572 cognitam
781 2507 849 2555 esse
871 2489 1036 2555 maluerat.
1074 2488 1169 2555 tertio
1189 2492 1271 2573 quod
1291 2490 1443 2556 interdum

324 2595 403 2661 solet
431 2610 521 2677 sapor
549 2591 604 2659 ille
633 2610 725 2677 quern
755 2610 811 2658 noe
837 2589 919 2659 adici
940 2592 1099 2675 poscimus
1122 2589 1195 2658 aliis
1216 2591 1393 2675 displicere,
1415 2593 1478 2658 stro

323 2698 503 2764 inueuimur
530 2696 677 2763 iniuriam
704 2695 826 2774 multis,
856 2698 932 2762 dum
959 2700 1086 2761 nomae
1112 2695 1206 2781 gulae
1233 2714 1269 2761 ac
1294 2697 1444 2763 desiderio

325 2800 504 2867 satisfacere
534 2800 686 2884 cupimus,
715 2799 866 2885 inrogare.
909 2799 1138 2883 propterquod
1161 2798 1443 2867 omnimodishaec

293 2904 356 2970 lin
379 2904 466 2971 nobis
488 2902 537 2967 est
558 2902 742 2987 castiganda
756 2901 895 2967 libertas.
929 2900 1143 2968 fornicatiouis
1158 2919 1272 2986 genera
1286 2906 1363 2970 sunt
1375 2906 1442 2969 tria.

323 3008 568 3092 primumquod
599 3024 655 3087 par
689 3004 929 3071 conmixtionem
961 3023 1053 3072 sexus
1082 3006 1247 3088 utriusque
1279 3008 1441 3090 perficitur.

324 3111 494 3178 secundnm
519 3109 600 3192 quod
628 3108 744 3190 absque
771 3109 905 3174 femineo
933 3110 1031 3185 tactu
1060 3126 1115 3191 pro
1142 3126 1203 3192 qno
1226 3106 1327 3175 Onam
1349 3110 1476 3195 patri-ss

425 3324 455 3378 11
475 3322 509 3378 ci.
528 3320 599 3378 Phil.
617 3322 642 3387 4,
660 3324 693 3377 11
795 3322 831 3377 ᾖ
847 3321 881 3376 ci.
899 3320 966 3377 Gen.
984 3320 1019 3376 38

373 3522 387 3576 l
416 3518 535 3573 luxoriae
564 3516 631 3576 lVP
729 3517 829 3573 eculeis
853 3516 924 3574 12¹0
1030 3518 1048 3572 2
1073 3519 1220 3573 suscitatur
1250 3517 1274 3575 O
1373 3523 1440 3575 euim

320 3605 448 3661 etiamO
541 3600 736 3657 inextricabilis
752 3603 795 3657 12¹
886 3603 1033 3673 filargiriee
1054 3603 1175 3661 WOPX
1267 3604 1442 3660 dciruicibus

324 3692 360 3747 V¹
463 3688 621 3743 monachum
645 3688 669 3743 V
768 3688 954 3758 dperfeotem
978 3688 1025 3744 W¹
1128 3689 1207 3745 uubis
1229 3690 1264 3745 V¹
1365 3693 1441 3747 bde-

319 3775 512 3847 prehendemus
542 3771 565 3829 0
668 3774 683 3827 l
710 3772 787 3828 cibus
813 3774 840 3829 V
939 3775 956 3828 8
984 3774 1071 3844 adom
1092 3774 1145 3831 VP
1246 3779 1276 3833 11
1302 3779 1440 3847 punitatis

324 3861 351 3916 V
432 3859 465 3914 12
482 3858 632 3914 nullatinus
649 3859 695 3916 W'
782 3860 901 3930 potuerit
918 3860 958 3915 D¹
1044 3862 1079 3916 14
1095 3862 1251 3918 insulsitatis
1269 3862 1374 3918 Ooorr.

320 3950 352 4005 lo
369 3946 475 4003 dilicies
491 3945 550 4001 ΒΡ
640 3946 673 3999 17
690 3946 842 4015 postolatur
863 3945 890 3999 V
979 3948 1018 4017 et]
1037 3945 1114 4003 utO
1198 3948 1380 4003 uenicuudiam
1397 3965 1441 4002 ne·

318 4033 433 4089 cissitati
456 4032 483 4087 V
565 4031 725 4100 frugalitate
741 4031 783 4087 D¹
812 4032 972 4101 frugaletati
993 4032 1042 4088 W*
1068 4033 1261 4102 nuginuuio
1347 4035 1380 4089 18
1397 4050 1438 4088 sn·

317 4121 460 4191 scipieutse
476 4117 507 4174 D
591 4118 625 4173 19
642 4118 781 4188 cognitum
797 4117 838 4172 D¹
918 4118 1070 4173 maluerunt
1092 4119 1116 4175 0
1200 4120 1235 4173 20
1252 4119 1316 4173 solit
1331 4119 1373 4175 D¹

317 4208 348 4263 21
368 4207 397 4261 iu
414 4207 540 4260 iniuriam
564 4204 587 4260 O
670 4204 792 4275 guileO
876 4204 911 4259 23
927 4203 1007 4259 uubis
1023 4204 1058 4261 V¹
1142 4205 1334 4260 suspicationis
1349 4205 1376 4259 V

317 4292 351 4349 25
368 4292 501 4348 ioemeneo
519 4292 559 4347 D¹
668 4306 746 4345 onem
770 4290 847 4346 VD':
875 4307 956 4345 unam
973 4292 1015 4346 D¹
1043 4293 1092 4348 her
1112 4291 1219 4349 lVP'X
1246 4292 1310 4347 haer
1325 4290 1366 4346 D’
1381 4308 1403 4347 a.
1419 4292 1437 4345 l.

316 4379 400 4434 hohen
417 4379 469 4434 1³¹:
499 4377 595 4435 cao
698 4376 776 4431 indae
793 4377 926 4447 patriarca
946 4377 970 4435 0
