3009 5200
530 454 690 509 Oculatis
710 452 814 517 XXIII,
834 457 857 508 1.
1190 454 1252 520 639

131 648 304 731 apostolum
334 645 468 710 Paulum
499 660 557 709 non
587 662 623 708 er
653 660 719 723 sua,
749 644 802 707 aed
833 660 888 724 pro
918 644 1112 724 peccatorum
1139 644 1251 708 dixisse

130 768 277 832 persona:
301 767 373 815 nou
395 748 498 813 enirn
520 750 619 829 quod
642 746 731 810 nolo
761 746 863 813 facio
887 746 1040 823 bonurn,
1062 748 1129 811 sod
1154 750 1250 829 quod

130 853 194 918 odi
226 852 385 929 malum,
416 851 486 914 hoc
507 867 594 931 ago,
618 850 669 913 uel
691 848 787 913 illud:
815 850 845 913 si
869 852 1001 913 antem
1024 854 1119 931 quod
1144 851 1250 928 nolo,

128 957 201 1021 hoc
223 955 342 1033 facio,
367 956 443 1019 iam
466 972 538 1018 non
561 972 629 1030 ego
651 970 787 1034 operor
809 954 912 1019 illud
936 956 1000 1020 sed
1023 954 1122 1035 qnod
1146 953 1250 1019 habi-

28 1059 32 1063 *
104 1061 191 1125 atat
218 1059 258 1122 in
288 1076 345 1123 me
372 1060 593 1141 peccatum,
624 1059 675 1122 uel
704 1056 786 1138 quod
816 1058 972 1139 sequitur:
996 1056 1250 1121 condelector

128 1164 231 1228 enim
253 1162 334 1245 legi
357 1161 417 1226 dei
439 1162 649 1225 secundum
668 1160 897 1225 interiorem
913 1160 1249 1236 hominem‚uideo

126 1270 260 1330 autem
284 1265 403 1329 aliam
424 1265 552 1347 legem
574 1265 612 1328 iu
634 1263 819 1329 membris
846 1264 944 1327 meis
966 1267 1247 1344 repugnantem

128 1370 213 1452 legi
235 1368 379 1431 mentis
402 1386 506 1447 meae
528 1368 567 1432 et
589 1368 792 1448 captiuum
814 1386 870 1431 me
886 1366 1091 1432 ducentem
1110 1365 1247 1447 inlege

126 1470 285 1553 peccati
315 1488 409 1553 qnae
441 1471 567 1535 estin
598 1470 785 1533 membris
816 1470 931 1545 mels,
962 1486 978 1533 e
1005 1469 1159 1535 contrario
1182 1472 1246 1533 eui·

87 1576 239 1639 redentor
268 1572 436 1638 ostendunt
464 1574 663 1653 pennatorum
690 1590 837 1652 personae
858 1572 934 1637 haec
957 1588 1017 1635 non
1039 1588 1128 1653 posse
1150 1572 1246 1637 omui-

127 1676 228 1741 modis
259 1674 431 1746 couuenire.
463 1676 516 1738 sed
548 1673 586 1738 ad
608 1676 690 1739 solos
713 1692 791 1756 quae
813 1674 898 1739 dicta
921 1678 995 1738 suut
1017 1675 1156 1739 adtinere
1178 1694 1246 1757 per·

128 1780 226 1843 sectos
248 1783 403 1842 eteorum
425 1778 548 1841 tautum
571 1778 624 1858 qui
647 1778 858 1860 apostolorum
882 1776 996 1841 merita
1018 1777 1247 1861 subsequuntur

127 1899 297 1963 congruere
326 1880 473 1945 castitati.
512 1884 648 1945 ceterum
678 1898 744 1962 quo.
768 1887 857 1963 pacto
881 1880 939 1945 hoc
961 1884 1156 1962 peccatorum
1177 1885 1275 1964 per-2

126 2003 222 2049 sonae
244 1982 361 2066 poterit
383 1982 547 2048 conuenire
569 1982 649 2065 quod
664 1984 792 2047 dicitur:
819 2002 889 2049 non
913 1984 1013 2047 euim
1037 1984 1134 2065 qnod
1157 1985 1246 2050 nolo

85 2086 410 2167 relatiotionem,
433 2089 496 2151 sed
519 2090 616 2168 quod
640 2088 703 2151 odi
727 2088 888 2163 malurn,
912 2087 1098 2168 hoenge?
1125 2087 1178 2151 sed
1208 2106 1245 2151 ne

124 2189 205 2253 illud
221 2189 361 2272 quidem:
385 2190 416 2253 ei
440 2190 569 2253 antem
592 2190 691 2271 quod
712 2189 815 2262 nolo,
841 2190 911 2253 hoc
933 2190 1052 2271 facio,
1077 2189 1152 2253 iam
1173 2208 1244 2254 uon

124 2310 194 2375 ego
217 2309 355 2374 operor
376 2291 480 2357 illud
502 2294 567 2357 sed
588 2292 687 2373 qnod
710 2292 873 2357 habitat
894 2293 931 2356 in
954 2310 1010 2355 me
1032 2296 1242 2374 peccatum.

124 2397 194 2476 quis
216 2396 297 2459 enim
322 2394 569 2475 delinquentium
591 2393 698 2459 nolens
721 2412 753 2459 se
784 2394 946 2459 adulteriis
969 2394 1242 2460 fornicationibus·

122 2516 184 2579 que
212 2497 425 2561 contaminati*
454 2500 522 2579 quis
551 2496 669 2561 inultus
698 2498 836 2579 proximo
864 2498 973 2563 tendat
995 2497 1148 2562 insidias?
1171 2498 1241 2579 quis

82 2601 297 2668 aoiueuiiabili
327 2600 511 2665 necessitate
540 2601 677 2685 cogatur.
709 2608 744 2664 nt
776 2601 852 2666 falso
882 2603 1058 2666 testimonio
1086 2602 1241 2666 homiuem

122 2703 277 2787 opprimat
306 2703 428 2767 fumone
458 2703 601 2787 decipiat,
632 2708 668 2766 nt
698 2705 826 2768 alterium
853 2705 950 2786 spolia
973 2705 1169 2787 concupiscat
1192 2705 1240 2769 uel

121 2808 305 2889 sauguinem
327 2806 459 2870 fundat?
481 2807 556 2888 quin
578 2806 684 2882 immo,
713 2808 749 2870 ut
778 2808 927 2890 scriptum
951 2813 1008 2886 est,
1032 2807 1271 2876 numerumn

120 2927 246 2992 genus
287 2909 513 2992 diligenter
550 2910 747 2974 intentum
788 2913 847 2974 est
884 2910 928 2974 ad
966 2909 1186 2991 nequitiam
1224 2927 1242 2973 a

120 3012 331 3077 iuuentute
360 3029 441 3076 sua.
486 3013 518 3075 iu
548 3017 672 3076 tautum
703 3013 786 3076 enim
821 3031 927 3078 omues
957 3012 1106 3077 uitiorum
1138 3029 1241 3076 amore

80 3115 290 3198 :adamantes
312 3113 486 3178 desiderant
507 3115 624 3196 inplere
647 3133 725 3196 quae
748 3115 888 3198 cupiunt,
919 3118 954 3179 nt
977 3116 1073 3180 etiam
1096 3115 1241 3198 peruigili
1353 3197 1354 3203 ἵ

121 3236 195 3282 cura
232 3219 477 3300 oportunitatem
513 3217 719 3283 conmittendi
756 3217 883 3282 sceleris
919 3221 1107 3302 aucupantes
1145 3218 1241 3284 etiam

119 3322 256 3384 timeant
269 3340 307 3384 ne
321 3319 489 3384 libidinum
505 3321 648 3384 satietate
662 3321 782 3385 tardius
795 3321 963 3402 potiantur,
980 3325 1011 3385 et
1024 3323 1060 3384 de
1071 3320 1241 3405 ignominia

220 3521 319 3576 aue
422 3521 574 3576 31.c.20
675 3523 901 3577 51.c.ut-23
1005 3523 1172 3578 14ta1s

118 3608 282 3662 mlum
384 3606 709 3675 rauenuarpxx)

169 3778 319 3847 leddpro
337 3777 404 3833 Bne
432 3779 481 3833 aed
499 3777 554 3834 0¹0
581 3778 675 3832 sedes
696 3769 775 3848 O'ssr
801 3779 835 3844 cf.
855 3779 951 3844 XIII,
969 3783 1096 3844 1449ut
1113 3781 1238 3834 creatoris

115 3866 206 3919 nonni
228 3865 386 3918 clamentiae
408 3865 520 3918 morule
537 3863 640 3932 aliquid
663 3879 716 3918 uon
739 3879 798 3933 pro
821 3865 985 3934 aequalitate
1002 3866 1121 3935 pictatia,
1141 3866 1185 3920 scd
1202 3881 1238 3919 er

114 3949 209 4018 aquua
226 3948 413 4018 indulgentiae
428 3949 608 4003 similitudine
624 3964 795 4018 comparemus
897 3951 1041 4006 30dii0
1141 3953 1237 4005 deon·
1288 3987 1292 3994 -

114 4035 230 4089 stlocum
255 4033 296 4087 Κι
439 4035 473 4088 10
499 4035 585 4088 omnis
611 4034 699 4088 modia
723 4035 791 4090 F'O
931 4037 960 4091 11
989 4037 1122 4105 partiaci·
1148 4037 1172 4092 0

114 4121 149 4173 12
175 4117 403 4174 aubamuntarO
510 4120 541 4173 15
567 4119 675 4174 cdlii)
777 4134 866 4176 naeu
974 4121 1009 4175 ui
1034 4125 1067 4176 ut
1092 4123 1172 4178 in

113 4221 206 4284 ornnes
223 4221 273 4259 om.
292 4203 350 4258 BF
450 4221 521 4260 more
541 4205 600 4259 BF
648 4268 655 4281 ‚
699 4207 734 4262 26
755 4205 896 4277 flaglantes
912 4207 951 4262 F*
980 4207 1171 4277 fraglautceO

113 4291 148 4344 26
165 4288 357 4345 conmittendis
374 4291 451 4346 cleris
467 4290 496 4346 F
595 4296 761 4362 aucumutm
772 4331 846 4348 .....
855 4293 890 4349 di
908 4295 1055 4364 potiantur]
1074 4299 1238 4364 aucupantur
1321 4325 1325 4336 ·

112 4376 154 4445 βυ
256 4375 635 4447 21οτθειοβωη.ΒΓ
