3009 5200
260 421 326 487 592
654 416 819 471 Iohannis
840 414 997 472 Cassiani

263 608 355 685 bona,
392 606 467 690 quia
500 608 683 689 plerumque
719 624 824 671 eorum
863 606 1091 672 intermissione
1127 624 1189 671 non
1220 606 1384 688 laedimur,

262 712 359 777 immo
386 710 538 775 etiamid
560 710 729 792 perniciem
757 710 913 775 interdum
942 713 1066 777 animae
1087 712 1283 792 inportunius
1306 712 1385 777 cele-

232 812 355 880 durata
381 817 554 880 uertuntur.
592 814 645 879 sed
672 834 730 881 nec
757 815 927 898 principale
955 816 1075 881 malum
1103 819 1153 879 est
1180 816 1212 881 id
1234 816 1316 899 quod
1336 816 1386 881 illi

262 918 390 983 uidetur
402 921 576 997 aduersum,
594 918 627 982 id
642 922 689 982 ast
703 919 842 983 ciborum
859 919 1045 985 naturaliter
1060 920 1195 984 iucunda
1210 920 1384 1001 perceptio:

262 1039 350 1105 quae,
371 1020 433 1085 nisi
453 1021 694 1103 intemperantia
715 1024 809 1103 atque
827 1021 950 1085 luxuria
971 1023 1022 1085 uel
1044 1022 1106 1087 alia
1128 1020 1281 1103 quaedam
1303 1021 1386 1086 uitia
1408 1048 1422 1087 s

260 1126 498 1207 subsequantur,
513 1124 599 1189 mala
612 1142 677 1189 non
690 1126 795 1206 potest
809 1124 941 1205 demini,
957 1126 1117 1205 quianon
1133 1124 1232 1206 quod
1256 1127 1386 1189 intrat

261 1232 299 1293 in
322 1246 378 1310 os,
401 1226 635 1309 coinquinat
657 1227 869 1303 hominem,
894 1230 962 1291 sed
984 1244 1081 1309 quae
1103 1228 1385 1310 proceduntde

260 1353 338 1413 ore,
383 1334 477 1397 haec
514 1332 772 1413 coinquinant
809 1330 1022 1395 hominem.
1075 1331 1240 1415 principali
1278 1333 1383 1415 itaque

260 1436 493 1519 derogatione
523 1452 582 1499 nec
610 1435 745 1517 perfecte
773 1436 829 1499 ant
858 1436 924 1499 sine
945 1438 1071 1516 peccato
1094 1434 1173 1499 illnd
1197 1439 1383 1521 exsequitur,

260 1540 399 1624 quisquis
425 1541 456 1604 id
486 1556 548 1602 non
575 1540 699 1621 propter
727 1557 771 1619 ae,
802 1538 855 1603 sed
883 1542 1010 1622 propter
1036 1538 1123 1603 aliud
1152 1538 1421 1621 aliquidfacit.1n

260 1645 366 1709 omnia
394 1645 477 1707 enim
506 1642 597 1706 huius
625 1644 727 1725 gratia
755 1642 895 1709 iacienda
921 1646 1004 1724 sunt,
1035 1644 1139 1725 ipsum
1163 1662 1235 1709 uero
1259 1648 1384 1726 propter

260 1768 293 1812 se
315 1748 417 1811 solum
439 1748 488 1810 est
511 1746 727 1828 expetendum.

303 1867 402 1931 XVII.
437 1868 545 1932 Talem
581 1866 681 1948 igitur
716 1868 926 1933 definitionem
964 1888 1057 1953 super
1089 1869 1196 1935 ieiunii
1230 1868 1384 1951 qualitate

259 1972 374 2056 iugiter
402 1974 568 2035 retinentes
595 1970 641 2034 ita
667 1970 746 2035 illud
776 1971 851 2035 totis
873 1972 969 2035 animi
993 1973 1110 2038 uiribus
1132 1974 1323 2055 adpetamus,
1347 1972 1384 2035 ut

259 2080 365 2141 mmcd
392 2076 468 2139 tunc
497 2072 621 2139 demum
650 2072 684 2139 id
706 2074 795 2139 nobis
824 2092 993 2158 congruum
1023 2075 1211 2154 nocuimus,
1240 2076 1268 2139 si
1294 2078 1326 2139 in
1350 2092 1420 2143 ecia

259 2184 435 2260 temporum
465 2179 556 2256 ratio,
584 2177 612 2241 si
633 2177 778 2260 qualitas,
805 2175 833 2241 si
857 2196 1001 2244 mensura
1026 2182 1177 2259 seruetur,
1201 2197 1256 2244 nec
1278 2180 1325 2243 ita
1347 2182 1384 2243 ut

259 2284 293 2346 in
320 2284 387 2366 ipso
416 2282 483 2363 spei
511 2283 637 2346 nostrae
664 2282 833 2346 terminum
863 2281 1042 2362 deligamus
1070 2285 1122 2347 sed
1146 2286 1180 2346 ut
1202 2298 1256 2362 per
1279 2281 1384 2362 ipsum

259 2388 298 2451 ad
312 2386 482 2467 puritatem
497 2386 598 2450 cordia
613 2390 644 2449 et
654 2386 857 2468 apostolicam
869 2386 1033 2450 caritatem
1044 2385 1206 2467 peruenire
1218 2384 1383 2467 possimus.

259 2491 415 2573 igiturex
438 2489 496 2553 hoc
517 2490 584 2570 ipso
605 2490 766 2570 ieiunium,
799 2491 849 2553 cui
871 2507 932 2553 non
953 2488 1055 2553 solum
1078 2488 1226 2570 specialia
1248 2486 1383 2568 praelixa

259 2598 333 2658 sunt
354 2596 495 2674 tempora
515 2592 629 2674 quibus
651 2591 702 2657 uel
717 2592 854 2658 exerceri
880 2592 992 2658 debeat
1006 2589 1057 2655 uel
1072 2590 1200 2668 remitti,
1217 2590 1271 2656 sed
1287 2592 1417 2656 etiamad

259 2698 394 2780 qualitas
423 2698 594 2779 modusque
622 2698 796 2779 propositus
819 2697 875 2777 est,
903 2714 965 2760 non
988 2695 1159 2777 principale
1181 2697 1305 2768 bonum,
1328 2694 1383 2758 sed

229 2800 396 2866 tmedium
425 2799 575 2881 quiddam
603 2817 670 2865 esee
699 2799 903 2884 manifestum
932 2803 989 2863 eet.
1029 2803 1168 2863 ceterum
1191 2798 1275 2878 haec,
1304 2815 1382 2878 qnae

257 2905 414 2986 praecepti
437 2902 623 2968 anctoritate
645 2902 697 2968 uel
718 2903 907 2968 mandantur
928 2905 964 2967 ut
985 2903 1066 2968 bona
1087 2903 1138 2966 uel
1157 2902 1383 2967 interdicuntur

258 3011 295 3071 ut
322 3007 422 3082 noxia,
455 2993 641 3088 numquam
662 3006 708 3070 ita
735 3005 906 3088 exceptioni
938 3007 1113 3088 temporum
1146 3005 1318 3082 subiacent,
1347 3007 1383 3068 ut

259 3111 414 3173 interdum
437 3114 493 3173 aut
514 3127 593 3191 qnae
616 3112 714 3174 uetita
736 3111 811 3173 sunt
829 3108 897 3173 fieri
915 3109 1049 3174 debeant
1064 3111 1120 3174 aut
1135 3125 1214 3191 quae
1228 3111 1416 3190 imperatas

258 3217 333 3276 sunt
356 3211 576 3294 praetermitti
613 3212 777 3278 necerim
800 3211 883 3278 ullns
898 3213 1044 3290 iustitiae,
1067 3213 1248 3294 patientiae,
1263 3208 1380 3274 sobrie-

259 3315 328 3390 tati,
365 3315 545 3398 pudicitiae,
584 3315 709 3380 canuti
746 3319 885 3381 statutus
922 3319 970 3380 est
1007 3316 1127 3398 modus,
1164 3332 1238 3379 nec·
1256 3331 1380 3378 rursum

360 3503 377 3555 6
395 3501 446 3556 nt.
466 3504 508 3568 15,
528 3503 559 3556 11

309 3673 326 3726 2
348 3674 490 3742 pernitiem
515 3674 542 3728 B
571 3673 738 3743 pernitioiem
762 3673 803 3728 Ι(ι
905 3674 923 3728 4
947 3673 1073 3743 cyborum
1097 3671 1166 3726 BK¹
1269 3668 1382 3724 iocunda

258 3759 336 3830 Rue
369 3757 510 3813 indicanda
540 3761 564 3815 0
673 3761 689 3813 5
717 3759 822 3814 luxoria
848 3759 915 3814 B¹Z
1023 3759 1040 3812 6
1067 3758 1262 3825 subsequentur
1288 3756 1316 3810 B

256 3849 274 3902 8
297 3847 454 3914 coinquinat
476 3847 506 3900 F
604 3848 780 3915 texequitur
797 3847 851 3901 ΒΟ
953 3847 985 3899 10
1002 3837 1041 3915 id]
1057 3844 1107 3898 hoc
1128 3844 1194 3912 Οβυ
1296 3842 1333 3911 ee]
1352 3841 1380 3895 id

257 3935 345 4002 ipsum
363 3931 428 4000 Ode
531 3933 564 3985 12
581 3937 623 3986 est
641 3933 735 3988 om.0
831 3931 1022 4000 expectandum
1041 3931 1071 3984 F
1172 3929 1205 3984 13
1222 3929 1382 3996 qualitatem

257 4017 366 4072 BF¹K¹
464 4019 498 4071 14
514 4017 612 4071 animis
630 4017 697 4072 ΡΟ
792 4020 825 4073 15
843 4017 944 4072 tumO
1039 4017 1071 4070 17
1091 4015 1255 4084 defingamua
1273 4015 1313 4068 ΕΙ

258 4103 291 4157 19
308 4104 408 4158 ieiunio
425 4104 508 4172 utili
592 4104 678 4158 solum
696 4119 746 4158 om.
766 4103 824 4157 BF
907 4104 941 4158 20
960 4105 1097 4171 praemitti
1112 4101 1176 4155 ΚΖ·
1203 4099 1383 4169 praetermitti

256 4189 313 4243 Z'e
398 4190 432 4243 22
450 4189 562 4258 quedam
575 4189 617 4243 Κι
643 4190 774 4259 quoddam
788 4189 814 4243 Z
898 4189 931 4244 23
945 4185 1081 4258 'praecepit
1095 4188 1242 4242 anomrites
1260 4185 1318 4240 BF

257 4275 403 4329 mandatur
429 4275 508 4329 B'li'⁸
536 4275 677 4330 mandator
703 4275 741 4329 F¹
859 4277 894 4330 25
919 4277 1040 4345 inperata
1070 4275 1094 4330 0
1123 4275 1247 4342 inparata
1273 4273 1313 4326 K*

257 4362 291 4415 26
309 4361 491 4431 intermittit
