3009 5200
528 451 687 508 (tentatio
705 451 728 518 1,
746 451 788 507 w.
1177 456 1218 522 31

71 638 258 719 specisliter
294 639 374 704 huic
403 639 456 721 qui
486 638 667 723 angelorum
699 639 841 706 custodia
867 659 929 708 uon
957 644 1069 726 egebat
1091 649 1221 710 conatur

72 745 181 822 sptsrs
214 741 349 808 dicens:
380 741 470 824 quie
498 741 655 825 augelis
684 742 770 808 suis
799 743 1004 811 maudotit
1033 747 1080 812 de
1099 749 1154 822 te,
1177 739 1251 812 ut

72 843 327 910 custodiant
356 846 395 910 te
423 846 461 910 iu
484 844 665 910 omnibus
687 845 766 910 uiis
789 847 889 912 tuis:
913 852 950 912 et
972 849 1220 916 inmanibus

72 950 306 1029 portabunt
326 950 383 1032 te,
414 966 458 1013 ne
481 947 584 1013 forte
609 947 793 1016 offendas
815 950 859 1014 ad
883 949 1059 1034 lapidem
1081 952 1217 1035 pedem

55 1064 201 1116 unum:
230 1054 376 1134 pretiose
391 1051 515 1117 scilicet
529 1051 652 1135 eloquio
673 1053 900 1135 scripturorum
916 1053 1029 1120 collide
1043 1055 1220 1137 adsumpti·

73 1171 126 1218 sue
149 1155 357 1222 conuertens
372 1159 404 1220 et
418 1158 457 1222 ad
472 1157 663 1222 contronium
681 1173 807 1223 sensum
820 1157 1007 1241 nonumque
1020 1158 1219 1242 deseremus,

72 1265 105 1321 ut
131 1259 326 1341 imaginem
355 1259 508 1343 tyrannici
538 1260 645 1326 uoltus
670 1260 730 1327 sub
753 1262 855 1327 colore
876 1260 966 1327 uobis
988 1264 1056 1328 curi
1078 1261 1221 1327 fallentis

72 1359 202 1426 otieist.
245 1359 320 1426 siue
343 1377 414 1426 curn
435 1361 699 1444 psuselarouimis
721 1381 778 1430 uos
800 1368 930 1430 conetur
952 1364 1101 1442 inludere,
1116 1365 1217 1448 quod·

72 1463 141 1528 dnm
174 1463 313 1530 scilieet
342 1465 469 1547 pietalis
497 1482 575 1547 opus
603 1468 772 1534 admcum
800 1467 1028 1546 adisetnudum,
1051 1471 1132 1550 quod
1154 1485 1217 1533 neu

47 1566 109 1631 nde
121 1566 288 1650 legitime
301 1568 459 1634 senionrm
474 1567 642 1650 procedens
664 1571 792 1636 moneta
807 1571 866 1637 sub
881 1572 1044 1654 praetextu
1059 1569 1217 1639 uirtutum

73 1670 161 1734 dreit
186 1674 231 1736 sd
257 1671 351 1750 uitis,
375 1671 425 1736 uel
447 1671 649 1738 inmoderatis
674 1674 1006 1758 inconpetsntibusqne
1018 1673 1147 1739 ieiuniis
1160 1690 1216 1739 ssu

73 1774 201 1857 uigiliis
226 1773 341 1839 nimiis
362 1775 414 1840 uel
436 1774 629 1843 cretionibus
650 1775 838 1842 inordinatis
860 1778 911 1843 uel
933 1776 1104 1860 incongrua
1125 1776 1217 1841 lecti·

74 1895 128 1942 cue
144 1873 323 1959 decipiens
337 1877 378 1943 ad
392 1878 517 1945 noxium
533 1880 689 1962 pertrahit
702 1879 807 1946 duem.
829 1881 882 1946 uel
896 1899 969 1946 cunr
983 1877 1248 1946 intercessiones&

74 1997 107 2044 sc
128 1979 344 2046 uisitatioues
366 1981 434 2061 pias
448 1982 616 2065 pessundet
637 1983 816 2068 inpendere,
830 1983 944 2067 quibus
958 2002 1014 2050 nos
1027 2003 1049 2048 a
1061 1981 1216 2065 spiritali-

49 2083 132 2148 shus
168 2083 362 2148 monosterii
393 2084 537 2151 esocen
566 2087 598 2152 et
626 2088 744 2152 secreto
779 2087 897 2153 amicae
925 2086 1039 2169 quietis
1067 2085 1215 2167 excutiet,

77 2185 318 2252 sollicitudines
341 2188 435 2252 etiam
459 2206 609 2273 curasque
624 2190 781 2271 suscipere
796 2190 1014 2275 religicmrum
1029 2207 1065 2254 sc
1079 2188 1215 2254 destitu-

76 2293 189 2354 torum
210 2290 358 2373 suggerit
380 2290 580 2373 feminarum,
610 2295 646 2357 ut
676 2292 855 2358 huiusmodi
878 2292 997 2375 laqueis
1025 2291 1215 2357 monachum

77 2392 347 2457 inextricabiliter
362 2393 529 2458 inretitum
543 2395 788 2476 perniciosarum
799 2396 1046 2462 sollicitudinum
1059 2395 1214 2475 occupati·

79 2515 134 2562 cue
166 2496 342 2562 distendet.
380 2497 433 2563 uel
462 2498 547 2562 certe
576 2516 649 2563 cum
678 2498 852 2566 desiderare
881 2499 1025 2564 sanctum
1047 2497 1213 2562 clericatus

50 2600 223 2665 coffinum
247 2602 307 2666 sub
327 2606 490 2685 praetextu
517 2602 740 2669 aedificationis
763 2604 936 2671 multorum
957 2607 990 2669 et
1013 2620 1117 2668 surore
1131 2602 1213 2667 lucri

80 2704 237 2787 spiritalis
259 2704 403 2789 instiget,
426 2724 480 2789 per
502 2707 584 2790 quod
606 2726 661 2773 uos
683 2708 722 2772 sb
745 2708 925 2773 humilitate
947 2707 1100 2791 propositi
1120 2704 1213 2769 huius

82 2824 116 2870 rc
137 2806 341 2873 districtim
363 2808 504 2875 diuellat.
539 2828 618 2892 quoe
648 2811 756 2876 cmuio
783 2829 854 2876 cum
880 2807 1247 2877 molestassent

80 2908 333 2992 professionique
353 2912 520 2989 contraria,
544 2916 650 2979 tomen
666 2912 822 2979 uelamine
836 2912 970 2996 quedam
985 2912 1212 2978 misericordiae

81 3030 115 3077 ae
150 3013 315 3097 religionis
348 3013 472 3081 obtecta
504 3014 594 3081 facile
626 3016 778 3098 inperitos
810 3018 1011 3099 incautosque
1039 3015 1209 3096 decipiunt.

51 3114 254 3183 simitantor
276 3116 359 3183 euim
383 3116 570 3184 nomismate
591 3118 659 3183 ueri
681 3120 774 3202 regis,
797 3120 872 3201 quia
893 3120 1039 3185 uidentur
1059 3120 1100 3185 od
1122 3136 1211 3201 prae·

83 3236 152 3281 sens
175 3218 271 3299 plena
293 3218 427 3301 pietatis,
452 3222 506 3287 sed
529 3238 590 3285 non
611 3227 687 3287 sunt
703 3239 722 3285 e
737 3221 886 3306 legitimis
909 3222 1100 3299 monetariis,
1117 3223 1213 3288 idest

84 3319 226 3401 probetis
241 3324 273 3384 et
289 3320 449 3387 catholicis
464 3323 602 3405 patribus
613 3323 747 3406 figurata
762 3342 818 3391 uec
830 3325 868 3391 de
880 3325 1029 3393 cardinali
1041 3346 1077 3393 ac
1087 3324 1212 3409 publica

186 3551 204 3603 2
223 3550 273 3605 Mt.
290 3552 315 3615 4,
334 3552 359 3605 6.
393 3552 439 3609 Pe.
457 3552 498 3618 90,
519 3553 620 3609 11-12

137 3754 290 3819 lco'rstodis
305 3766 335 3820 D
437 3767 610 3823 2msndabit
626 3768 670 3822 D:
699 3767 839 3823 mandauit
858 3768 926 3824 WX
1027 3759 1213 3823 3cdetodiant

87 3850 113 3902 D
210 3850 400 3923 tportsbnnt]
419 3852 546 3907 tollent..
566 3852 593 3908 D
687 3854 847 3909 ltlreunici
868 3856 906 3910 W
999 3855 1084 3909 uultis
1100 3854 1141 3909 D¹

85 3938 317 4004 dpsrscsrnxmis
340 3938 406 4007 (mis
427 3940 459 3992 io
481 3942 547 4005 ros.)
577 3937 608 3992 X
732 3938 767 3992 10
792 3940 914 4009 ligitime
944 3940 983 3996 W
1109 3939 1212 3993 menits

85 4021 124 4074 D¹
222 4024 254 4079 15
269 4024 349 4077 amici
367 4022 399 4077 D
496 4024 529 4076 16
548 4023 737 4078 sollicitudinis
758 4025 807 4081 W¹
905 4026 1096 4096 relegissemus
1112 4025 1144 4079 D

86 4108 118 4159 18
133 4108 358 4178 inmtrigabiliter
375 4107 416 4163 D*
511 4108 648 4177 pernities.
666 4109 738 4165 DW
831 4110 866 4165 20
881 4113 1049 4179 prostestatu
1065 4111 1106 4165 D¹
1135 4124 1212 4179 prce·

85 4196 183 4247 tentum
204 4195 248 4251 W¹
355 4193 628 4249 21aduumilitote
650 4195 691 4250 D¹
795 4194 1142 4251 mascemutinas

86 4294 191 4351 denellrt
214 4300 260 4354 W¹
370 4297 407 4351 24
429 4296 570 4365 relegionis
592 4296 633 4351 D¹
736 4297 772 4352 25
794 4285 955 4352 udruismats
981 4299 1019 4352 W
1120 4297 1153 4351 27
1177 4295 1213 4351 ds

86 4397 127 4435 oss
148 4382 183 4438 W
