3009 5200
711 427 875 482 Iohannis
892 425 1052 484 (laesioni

321 618 405 683 entie
432 618 637 700 redarguente
665 615 858 701 perterritus,
887 614 978 682 uelut
1005 614 1059 700 qui
1086 619 1240 681 crederem
1262 615 1301 680 ob
1324 617 1382 681 hoc
1405 633 1447 681 ea

320 719 417 785 luisse
431 719 561 803 prolate,
578 717 660 802 quod
674 719 742 785 seni
756 718 901 786 dominus
916 726 1033 785 secreta
1047 718 1109 784 mei
1120 719 1253 802 pectoris
1262 720 1447 798 renelesset,

318 822 350 888 in
382 824 515 888 occultos
543 821 679 906 primum
707 822 844 908 gemitus
872 822 1035 900 excitatus,
1063 822 1135 887 dein
1160 821 1262 887 cordis
1283 822 1346 887 mei
1366 839 1445 887 cen·

318 927 483 1008 punctione
500 926 654 992 crescente
668 924 703 990 in
718 928 840 1009 apertos
853 925 1010 1008 singultus
1020 924 1227 1006 lecrimesque
1238 941 1445 1006 prorumpens

317 1029 538 1114 paxamacium,
566 1027 648 1112 quod
676 1027 901 1096 consuetudine
922 1028 1038 1093 uitiosa
1064 1027 1279 1094 subtraxeram
1300 1027 1445 1093 clancule
1470 1049 1490 1088 s

317 1131 548 1217 comedendum,
571 1132 609 1197 de
631 1133 702 1198 sinu
724 1129 802 1197 furti
824 1132 886 1197 mei
909 1133 1032 1197 conscio
1050 1149 1086 1196 ac
1108 1131 1285 1214 susceptore
1299 1131 1442 1214 produxi,

317 1251 449 1317 eumque
470 1235 503 1300 iu
525 1235 663 1301 medium
686 1233 855 1318 proterens,
884 1233 1144 1318 quomedmodum
1168 1232 1282 1300 cotidie
1301 1234 1444 1300 latenter

316 1339 445 1416 ederem,
468 1337 640 1421 prostratus
654 1338 687 1403 in
701 1339 819 1403 terram
834 1355 906 1402 cum
927 1337 1037 1402 ueniae
1058 1337 1269 1419 postulatione
1282 1337 1443 1403 coufessus

315 1459 395 1520 sum,
417 1443 449 1507 et
470 1439 607 1507 ubertim
629 1439 763 1524 profusis
788 1439 928 1506 lacrimis
949 1444 986 1504 ut
1009 1440 1238 1506 absolutionem
1261 1439 1443 1507 onesimo

285 1543 512 1627 dcaptiuitatie
533 1562 552 1608 a
574 1541 699 1609 domiuo
720 1548 884 1628 poscerent
898 1543 1061 1626 inploraui.
1095 1545 1164 1610 tum
1179 1560 1291 1609 senor:
1307 1544 1441 1620 confide,
1454 1567 1487 1605 rc

315 1645 369 1722 eit,
393 1663 410 1711 o
432 1663 519 1729 puer.
556 1644 692 1713 absoluit
714 1645 746 1712 te
767 1647 807 1713 ab
828 1645 888 1712 hac
917 1647 1100 1730 ceptinitete
1121 1648 1219 1714 etiem
1240 1667 1291 1713 me
1312 1649 1442 1713 tecente

315 1747 465 1814 confessio
500 1751 565 1816 tua.
607 1750 761 1815 uictorem
796 1767 930 1831 namque
965 1748 1179 1816 aduersarium
1217 1752 1309 1816 tuum
1344 1751 1440 1816 hodie

314 1851 525 1934 triumphasti,
553 1849 688 1918 ualidius
717 1871 790 1918 eum
817 1856 873 1918 tua
900 1852 1089 1918 confessione
1118 1859 1316 1937 prosternens
1341 1873 1441 1936 quam

314 1954 379 2039 ipse
412 1955 515 2022 lueres
547 1955 586 2022 eb
620 1973 655 2021 eo
682 1958 739 2021 tua
770 1955 987 2022 taciturnitate
1015 1955 1164 2022 deiectus.
1201 1973 1294 2039 quem
1326 1955 1439 2039 utique

313 2075 507 2140 nequequam
537 2059 588 2125 nel
618 2061 673 2123 tua
701 2058 753 2124 uel
781 2057 912 2123 alterium
941 2058 1142 2140 responsione
1163 2059 1326 2123 confutans
1347 2059 1380 2123 in
1400 2061 1484 2126 teuc

312 2177 519 2242 nuncusque
548 2160 733 2244 permiseras
763 2160 917 2227 dominari
946 2160 1116 2227 secundum
1146 2160 1234 2226 illem
1260 2159 1440 2227 Salomonis

312 2263 513 2328 sententiam:
529 2264 618 2347 quia
639 2281 712 2329 non
734 2263 784 2328 lit
806 2263 1076 2329 contradictio
1098 2264 1142 2329 ab
1165 2264 1227 2329 hie
1249 2263 1316 2346 qui
1340 2265 1439 2330 iaci·

313 2365 380 2430 ιιιιι
412 2364 558 2430 melum
591 2364 685 2443 cito,
718 2365 808 2431 ideo
840 2367 1038 2448 repletum
1067 2370 1126 2430 est
1155 2383 1219 2432 cor
1252 2366 1440 2432 tiliorum

312 2466 484 2532 hominis
513 2469 553 2532 in
582 2467 681 2550 ipsis
710 2472 753 2533 ut
783 2468 935 2534 facient
964 2471 1075 2536 mela.
1115 2474 1148 2536 et
1174 2470 1290 2537 idcirco
1314 2470 1438 2537 inmte

311 2573 381 2653 post
402 2569 483 2639 hanc
504 2569 746 2654 publicationem
769 2590 859 2639 suam
875 2573 933 2638 iste
948 2572 1158 2656 nequissimus
1171 2573 1301 2656 spiritus
1316 2573 1481 2657 inquies>

310 2676 376 2740 tere
398 2694 459 2742 non
481 2675 597 2758 poterit
618 2694 675 2742 nec
697 2678 730 2741 in
752 2678 783 2741 te
812 2675 979 2743 latibulum
1005 2676 1066 2743 sibi
1088 2677 1287 2743 taeterrimus
1307 2696 1439 2760 serpens

310 2778 454 2861 deinceps
482 2778 652 2861 usurpabit,
675 2779 712 2844 de
734 2778 869 2845 tenebris
900 2779 1001 2846 cordis
1022 2781 1069 2845 tul
1091 2781 1223 2846 salutari
1244 2780 1438 2848 comessione

280 2880 483 2962 5protractus
513 2882 552 2945 ad
582 2882 695 2947 lucem.
733 2881 864 2947 necdum
892 2897 983 2947 eener
1013 2882 1088 2948 haec
1117 2883 1214 2949 uerba
1235 2884 1438 2966 conpleueret

311 2985 342 3045 et
364 2998 435 3047 eece
465 2982 585 3066 lampas
619 3000 749 3049 eccenee
781 2987 819 3051 de
852 3002 921 3050 meo
954 2984 1024 3049 einu
1048 2986 1217 3069 procedens
1246 2988 1292 3051 lte
1321 2986 1438 3052 cellum

310 3082 444 3168 repleuit
472 3088 562 3151 odore
591 3087 746 3169 sulpureo,
777 3090 813 3152 ut
837 3087 1034 3154 uehementie
1055 3088 1183 3155 foetoris
1205 3089 1302 3171 ipsius
1325 3090 1377 3153 uir
1397 3088 1479 3154 inre

309 3205 346 3256 ea
368 3206 422 3253 nos
437 3189 572 3254 residere
586 3188 793 3273 permitteret.
820 3207 1042 3274 resumensque
1064 3191 1307 3283 admonitionem
1328 3208 1436 3272 senex,

310 3306 389 3374 ecce,
411 3290 525 3376 iuquit,
550 3292 693 3358 dominns
715 3293 775 3359 tibi
797 3293 964 3361 ueritatem
993 3312 1172 3361 sermonum
1194 3310 1335 3361 meorum
1357 3295 1436 3359 uisi-

310 3390 417 3459 biliter
439 3395 631 3476 adprobabit,
658 3395 695 3460 ιιι
718 3395 871 3478 passionis
891 3396 980 3463 illius
1002 3398 1194 3465 incentorem
1214 3400 1253 3464 de
1273 3396 1438 3462 cordetuo

411 3580 444 3633 ιι
462 3578 559 3637 ucles.
578 3582 603 3649 e
621 3582 654 3635 11
674 3580 769 3650 (cxx)

361 3750 377 3803 2
404 3754 522 3819 pociores
546 3752 601 3808 W¹
708 3750 726 3803 4
752 3751 852 3820 apertis
878 3751 917 3807 W
1017 3750 1153 3821 singultus
1184 3751 1208 3807 0
1314 3751 1332 3805 b
1357 3754 1438 3820 pexi-

308 3834 422 3891 matium
447 3835 568 3891 D²W¹O
602 3834 768 3905 permacium
794 3835 826 3890 X
942 3837 1081 3906 clangulae
1107 3836 1147 3890 1)ι
1182 3836 1310 3891 clamcule
1340 3834 1364 3891 0

309 3921 454 3991 usumque
470 3920 630 3978 DWOXr:
662 3916 802 3991 ipsumque
819 3938 846 3977 c:
866 3922 902 3988 cs.
920 3938 980 3991 cop.
998 3925 1083 3987 ΒΜ
1171 3922 1284 3978 cottidie
1301 3922 1364 3976 DX

308 4008 325 4062 8
350 4010 424 4063 terra
453 4008 477 4064 0
595 4008 612 4063 9
639 4006 776 4062 dirieimae
805 4007 843 4062 W
872 4007 1014 4062 dummime
1042 4007 1065 4064 0
1186 4009 1217 4063 11
1245 4006 1435 4077 ceptiuitatem

314 4091 359 4147 Ψ·
451 4093 485 4147 13
502 4092 650 4147 ιιιιιιιιίιειι
673 4094 710 4149 W
800 4092 836 4148 20
853 4094 928 4147 tuam
945 4096 987 4160 (tu
1004 4093 1110 4148 inrue.
1127 4096 1204 4159 ιιι)
1222 4092 1252 4147 D
1339 4090 1373 4147 21
1392 4097 1436 4148 te

308 4177 435 4231 terrimus
456 4177 511 4234 ΟΧ
605 4178 639 4233 24
657 4178 743 4233 medio
766 4177 789 4234 0
881 4179 917 4235 25
933 4180 1056 4248 sulpureo
1077 4180 1127 4235 W:
1156 4178 1299 4248 sulphureo
1317 4177 1435 4247 (phureo

306 4263 338 4315 ier
355 4278 410 4317 rae.
427 4264 506 4331 m.2)
524 4263 554 4318 D
572 4269 597 4319 et
618 4263 642 4319 0
676 4264 816 4333 sulphureo
833 4264 865 4318 X
973 4264 1066 4319 letorie
1083 4262 1162 4322 codd.
1282 4262 1316 4317 27
1333 4264 1433 4333 inquid

306 4347 391 4404 D¹W
488 4348 524 4403 28
541 4350 677 4418 passiones
698 4352 746 4408 W*
