3009 5200
481 455 640 512 oosrsuo
661 455 683 520 1,
701 454 811 510 aa-aa
1122 414 1126 423 ’
1162 456 1205 522 35

106 641 241 708 mn.
267 643 321 709 Ad
344 644 421 709 haec
443 645 672 726 obstupefactos
693 661 749 709 nos
764 644 888 709 intuens
904 660 995 710 senex
1009 646 1041 708 et
1056 643 1095 709 ad
1109 644 1203 709 uerba

71 745 270 811 narrationis
299 764 374 812 suae
401 746 580 828 inexplebili
602 745 710 811 ardore
730 763 900 824 succensos,
922 762 977 827 pro
1000 745 1204 812 admiratione

71 847 225 912 desiderii
261 848 362 915 nostri
395 848 550 931 paulisper
583 865 722 913 sermone
755 865 904 930 suspenso
936 866 1042 912 rursus
1075 850 1203 915 adiecit:

72 953 229 1032 qnoniam
265 969 333 1029 nos,
362 968 380 1015 o
406 950 475 1028 filii,
505 951 544 1016 ed
572 950 814 1033 disputationem
847 953 912 1015 tam
945 950 1070 1034 longam
1102 954 1206 1016 uestra

56 1055 233 1119 credulitas
264 1055 445 1137 prouocauit
472 1057 504 1118 et
531 1054 611 1136 ignis
639 1054 767 1136 qnidam
794 1053 959 1121 epulationi
988 1056 1112 1121 nostrae
1141 1055 1205 1120 ler-

73 1157 240 1222 nentiores
266 1175 373 1223 sensus
396 1159 575 1239 pronastro
598 1156 747 1222 desiderio
778 1156 1004 1236 subministrat,
1033 1158 1070 1220 nt
1092 1176 1127 1222 ex
1149 1157 1206 1222 hoo

73 1261 166 1322 etiam
205 1259 281 1340 ipso
309 1259 474 1326 manifeste
502 1260 691 1342 contempler
714 1259 746 1324 in
769 1261 901 1324 ueritate
927 1276 984 1323 cos
1012 1260 1206 1342 perfectionis

74 1363 158 1426 sitire
187 1361 381 1444 doctrinam,
403 1363 475 1427 uolo
491 1361 579 1428 nobis
593 1361 694 1428 adhuc
709 1379 802 1444 super
816 1361 1012 1428 discretionis
1029 1363 1205 1430 eximietate
1279 1352 1283 1360 ⁴

74 1464 121 1526 nel
154 1463 284 1545 gratia,
319 1482 395 1547 quae
425 1466 506 1529 inter
533 1469 657 1530 cunctas
687 1465 818 1530 uirtutes
846 1483 949 1531 urcem
977 1485 1013 1532 ac
1037 1467 1205 1550 primatum

50 1588 67 1626 1:
75 1569 171 1648 tenet,
207 1585 310 1648 panca
336 1567 481 1632 disserere
510 1568 784 1651 excellentiamque
811 1569 876 1634 eius
900 1569 932 1633 et
953 1567 1125 1635 utilitatem
1147 1588 1206 1634 non

77 1669 179 1734 solnm
206 1670 373 1735 cotidianis
396 1670 554 1753 exemplis,
583 1669 753 1736 sedetiam
777 1672 913 1752 antiquis
935 1675 1061 1753 patrum
1083 1672 1206 1738 oonsul-

77 1771 262 1838 udonibus
284 1791 321 1837 ac
341 1773 505 1838 sententiis
527 1772 703 1854 adprobare.
740 1772 916 1856 frequenter
931 1791 1063 1856 namque
1078 1772 1237 1840 memini2

77 1875 245 1940 nonnullis
278 1873 452 1940 huiusmodi
485 1891 656 1940 sermonem
685 1893 756 1940 cum
785 1876 904 1958 gemitu
930 1876 1126 1960 lacrimisque
1154 1896 1207 1961 po

78 1978 247 2043 scentibns
270 1995 321 2042 me
343 1996 463 2061 quoqne
485 1977 603 2060 aliquid
625 1979 668 2042 eis
691 1978 852 2043 doctrinae
873 1977 1010 2060 conferre
1031 1982 1207 2062 cupientem

54 2081 270 2146 anullatenus
298 2081 437 2162 potuisse
465 2082 497 2144 et
525 2080 570 2144 ita
597 2080 631 2145 in
659 2099 708 2145 me
737 2097 799 2144 non
826 2081 927 2146 solum
957 2100 1076 2160 sensns,
1098 2101 1207 2148 uerum

81 2186 178 2248 etiam
212 2183 320 2265 ipsum
349 2182 504 2265 eloquium
533 2182 688 2262 defecisse,
717 2187 836 2249 utnon
866 2184 1038 2249 inuenirem
1061 2174 1207 2267 quemad·

81 2287 212 2352 modum
250 2304 301 2351 eos
331 2286 382 2351 nol
416 2305 487 2352 cnm
520 2285 583 2352 leui
615 2286 825 2352 consolatione
858 2285 1058 2352 dimitterem.
1087 2288 1207 2371 quibus

82 2390 210 2456 indiciis
246 2389 405 2454 euidenter
436 2387 614 2472 agnoscitur
641 2389 760 2455 domini
786 2391 919 2470 gretiam
949 2407 1005 2472 pro
1033 2377 1146 2456 merito
1172 2409 1208 2455 ao

84 2491 242 2557 desiderio
265 2489 457 2555 audientium
472 2491 704 2572 disputantibus
721 2491 878 2574 adspirare
894 2509 1077 2557 sermonem.
1115 2491 1207 2575 quem

54 2597 158 2677 aquia
192 2593 414 2659 breuissimum
445 2592 529 2659 istud
563 2591 643 2677 quod
676 2600 817 2676 superest
850 2596 950 2661 noetis
979 2596 1115 2676 spatium
1145 2614 1206 2661 non

86 2697 225 2764 occurrit
260 2696 389 2779 explere,
427 2696 623 2781 indulgentes
659 2697 736 2762 illud
770 2696 873 2780 potius
907 2697 1003 2780 quieti
1039 2716 1206 2782 corporeae,

86 2802 136 2867 cni
158 2818 286 2865 necesse
308 2802 356 2865 est
377 2802 478 2863 totum
501 2799 643 2882 persulsi,
667 2800 694 2865 si
717 2798 748 2863 id
771 2788 852 2881 qnod
875 2800 1030 2867 modicum
1048 2802 1097 2864 est
1111 2800 1209 2865 fuerit

88 2903 286 2985 denegatum,
319 2900 445 2982 plenum
478 2899 666 2964 narrationis
699 2898 836 2963 ordinem
870 2900 992 2984 integro
1020 2900 1118 2964 futuri
1147 2901 1209 2965 diei

89 3025 142 3071 sen
174 3005 277 3071 noctis
313 3002 447 3068 examini
481 3020 684 3068 reseruemus.
725 3002 813 3068 decet
845 3019 977 3084 namque
1014 3001 1238 3070 discretionis3

61 3109 224 3190 septimos
259 3104 450 3171 consultores
481 3104 513 3169 in
544 3104 602 3169 hoo
629 3106 766 3186 primum
793 3104 966 3188 patefacere
994 3122 1068 3169 suae
1095 3108 1208 3172 mentis

92 3211 276 3275 industriam
303 3210 335 3271 et
362 3208 467 3271 nuum
495 3206 558 3271 siut
586 3206 638 3271 uel
666 3224 732 3271 esse
759 3207 883 3288 possint
910 3208 974 3272 eius
1004 3225 1130 3291 capaces
1152 3209 1210 3275 hoo

93 3312 205 3377 indicio
235 3329 273 3376 ac
299 3310 451 3393 patientia
472 3304 667 3392 conprobare}
694 3314 729 3374 ut
752 3310 790 3375 de
812 3310 870 3375 illa
890 3328 969 3392 qnae
991 3312 1210 3377 moderationis

93 3415 267 3497 generatrix
292 3414 340 3478 est
361 3412 479 3477 uirtute
501 3414 671 3477 tractantes
696 3430 890 3496 nequaqnam
913 3414 1026 3478 uitium
1048 3412 1128 3496 quod
1150 3414 1210 3498 ipsi

94 3517 281 3581 contrarium
311 3516 359 3579 est
386 3514 558 3579 nimietatis
583 3514 753 3593 incurrant,
783 3516 849 3581 uim
875 3516 1004 3580 rationis
1026 3534 1062 3579 ac
1082 3520 1211 3583 naturae

68 3622 157 3685 asina
184 3637 278 3701 quam
307 3617 414 3684 uerbis
443 3617 587 3682 excolunt
618 3616 729 3683 effectu
755 3621 849 3700 atque
871 3608 960 3701 opere
982 3618 1143 3683 uiolautes.
1178 3621 1211 3683 in

96 3722 151 3786 hoc
171 3736 255 3803 ergo
268 3720 356 3786 nobis
379 3719 573 3786 discretionis
596 3720 722 3800 bonum,
745 3722 783 3785 de
804 3738 873 3802 qua
894 3723 1046 3802 quantum
1069 3721 1211 3786 dominns

145 3944 263 4001 amaa
287 3943 433 3999 moneto
457 3943 489 3997 ὄπ
515 3944 553 3999 W
654 3942 815 4010 stupefactos
839 3941 877 3995 W
977 3940 1126 4010 liquidem
1152 3955 1213 3994 cou-
1306 3982 1313 3989 .

97 4030 193 4083 latione
211 4026 250 4081 D¹
355 4027 389 4081 10
412 4026 617 4095 excellentiaque
636 4026 677 4081 D'
780 4028 837 4080 eins
854 4040 905 4080 om.
926 4026 965 4082 W
1066 4026 1097 4079 ll
1120 4026 1214 4080 cottid.

98 4114 126 4167 X
223 4112 420 4168 conlationibus
436 4111 510 4178 X(c)
614 4110 648 4165 23
667 4111 759 4164 futuro
776 4110 818 4164 D¹
919 4110 955 4164 24
976 4111 1094 4163 examine
1117 4110 1146 4165 D

98 4198 256 4253 mammonas
271 4198 321 4253 W¹
411 4196 444 4250 25
462 4196 653 4250 consultatores
671 4196 701 4250 D
785 4194 820 4250 27
836 4195 933 4249 inditio
950 4194 984 4249 W
1069 4195 1103 4249 29
1120 4197 1214 4249 nimie-

98 4286 163 4339 tates
191 4284 237 4339 W¹
341 4283 463 4336 rationes
492 4282 539 4337 W¹
649 4280 683 4335 30
710 4281 830 4334 excolent
855 4280 896 4334 D¹
999 4280 1093 4335 affectu
1117 4280 1147 4335 D

99 4371 127 4423 31
144 4370 277 4441 qnantum]
295 4368 371 4439 quod
390 4368 422 4422 iu
438 4382 493 4423 raa.
511 4368 641 4438 longioris
657 4368 734 4422 uocis
750 4366 781 4419 D

1073 4472 1111 4524 3*
