3009 5200
279 429 341 495 682
669 425 832 480 Iohannis
850 425 1009 481 Cassiani

279 617 392 682 fuisset
421 617 569 681 umacus
607 614 807 698 quamobrem
835 631 1011 680 mensuram
1037 615 1153 680 uirium
1175 632 1302 681 suarum
1325 633 1401 682 con-

280 719 367 785 uenit
390 735 652 800 unumquemque¹
669 720 810 784 nostmm
834 718 1020 802 diligentins
1050 721 1123 785 ante
1153 737 1282 802 pensare
1306 719 1404 805 atque

279 826 318 890 ud
352 823 418 888 eins
448 822 609 888 modulum
639 823 775 904 arripere
803 840 898 904 quam
927 822 1059 888 libuerit
1087 822 1294 905 disciplinam,
1317 826 1402 906 quia,

280 927 423 1008 quamuis
446 943 552 990 omnes
575 923 668 988 utiles
692 925 766 1001 sint
789 927 894 990 tamen
910 929 984 1008 apta
998 928 1117 991 cunctis
1133 927 1246 990 cuncta
1260 943 1403 992 essenon

250 1029 416 1111 3possunt.
454 1045 514 1092 nou
538 1027 620 1091 enim
645 1029 719 1108 quia
740 1027 821 1092 bona
842 1031 889 1092 est
919 1028 1126 1105 anachoresis,
1156 1029 1311 1094 uniuersis
1333 1049 1440 1096 eamn

279 1149 448 1214 congruam
472 1130 711 1212 conprobamus:
736 1149 756 1194 a
777 1130 887 1196 multis
906 1132 989 1196 euim
1005 1150 1064 1196 non
1080 1131 1181 1197 sotum
1195 1131 1400 1212 infructuosa¹

279 1235 334 1300 sed
357 1235 452 1298 etiarn
475 1233 646 1315 perniciose
667 1233 815 1298 sentitur.
851 1252 909 1299 neo
923 1235 996 1316 quia
1011 1235 1243 1301 institutionem
1258 1234 1402 1300 coenobi·

278 1357 364 1404 orum
396 1339 448 1402 uel
478 1357 585 1403 curam
615 1339 746 1402 fratrum
777 1341 919 1403 sanctam
947 1339 1041 1422 atque
1069 1338 1260 1404 laudabilem
1289 1339 1401 1404 merito

278 1442 469 1524 profitemur,
492 1440 608 1505 idcirco
625 1443 664 1507 ab
678 1442 832 1506 uniuersis
845 1461 914 1508 sam
931 1441 1132 1523 expetendam
1146 1461 1216 1507 esee
1229 1459 1400 1508 censemus.

277 1546 323 1610 ita
345 1547 440 1610 etiam
463 1543 643 1609 xenodochii
672 1545 848 1610 uberrimus
878 1545 998 1610 tructus
1029 1549 1086 1625 est,
1116 1546 1173 1610 sod
1195 1545 1235 1610 ab
1257 1545 1438 1613 omnibusne

278 1649 379 1730 expeti
401 1649 468 1712 sine
490 1649 661 1729 pationtiae
683 1667 743 1714 non
765 1653 868 1731 potest
884 1649 1084 1714 detrimento.
1117 1648 1246 1731 proinde
1262 1649 1402 1730 primum

278 1751 413 1834 regionis
436 1753 559 1816 uestrae
582 1755 675 1834 atque
697 1751 790 1817 huius
811 1753 894 1818 inter
915 1771 948 1818 se
970 1753 1130 1834 pensanda
1151 1753 1226 1816 snut
1240 1752 1400 1832 instituta,

279 1855 389 1918 deinde
411 1854 495 1918 uires
516 1854 678 1920 hominum
701 1856 768 1938 iugi
791 1855 842 1921 uel
856 1857 1014 1920 uirtutum
1028 1856 1079 1921 nel
1094 1857 1244 1921 uitiorum
1260 1855 1401 1919 adsidui·

247 1960 345 2024 itate
368 1958 516 2022 collectae
539 1958 664 2024 diuersa
686 1958 822 2024 inuicem
843 1959 930 2024 lance
952 1958 1164 2024 trutinandae.
1198 1958 1265 2023 fieri
1284 1959 1400 2024 etenim

278 2061 389 2142 potest,
412 2061 457 2144 ut,
482 2065 561 2142 quod
585 2062 716 2126 alterius
740 2063 844 2146 gentis
869 2062 988 2127 bomini
1010 2062 1142 2128 arduum
1157 2061 1435 2144 atqueinpoesi·1e

277 2163 340 2228 bile
363 2169 422 2241 est,
445 2164 504 2230 boc
526 2165 596 2230 aliis
616 2166 713 2236 insita
743 2169 934 2231 consuetudo
962 2166 1189 2247 quodammodo
1214 2164 1347 2230 uerterit
1367 2166 1400 2229 tu

277 2271 437 2333 naturam:
462 2268 545 2333 siout
566 2271 706 2334 nationes
729 2273 878 2352 quaedam
901 2269 1021 2353 ingenti
1035 2269 1200 2352 plagarum
1217 2267 1401 2333 diuersitate

278 2370 451 2436 disiunctae
473 2389 619 2455 magnam
643 2375 708 2438 uim
731 2374 857 2456 frigoris
878 2373 931 2439 uel
953 2375 1094 2438 ardorem
1115 2373 1190 2437 solis
1204 2371 1320 2453 absque
1334 2371 1399 2436 ulio

278 2475 412 2556 corporis
446 2475 608 2556 perferunt
640 2478 831 2559 tegumento,
865 2495 944 2559 qnae
978 2476 1086 2558 ntique
1120 2475 1174 2540 alii
1204 2475 1293 2540 illam
1320 2472 1401 2538 cneii

277 2577 511 2643 inclementiam
537 2596 596 2644 non
620 2581 748 2662 experti,
775 2581 935 2662 quantiuis
949 2579 1068 2645 roboris
1083 2577 1210 2656 fuerint,
1226 2578 1434 2646 sustentasse

247 2684 336 2749 bnon
371 2684 509 2763 possunt.
548 2684 593 2745 ita
623 2684 719 2747 etiam
749 2700 815 2761 uos,
846 2684 899 2765 qui
929 2700 1051 2748 summo
1081 2682 1178 2747 animi
1208 2682 1240 2746 et
1262 2679 1400 2762 corporis

278 2785 346 2849 nisu
371 2784 404 2848 in
426 2783 485 2849 bac
506 2785 632 2868 regione
659 2787 821 2851 dumtaxat
849 2788 939 2869 quasi
968 2791 1112 2851 naturam
1135 2784 1255 2868 patriae
1278 2788 1400 2849 ucenae

276 2888 310 2950 in
340 2886 450 2951 multis
480 2890 650 2969 inpugnare
681 2890 846 2967 conamini,
884 2889 1050 2971 diligenter
1088 2888 1259 2970 expendite,
1294 2889 1398 2951 utrum

277 2992 310 3054 in
333 2990 398 3054 illis
422 2990 551 3073 torpidis
573 2995 610 3054 ut
631 2991 716 3056 fama
738 2995 786 3056 est
807 2992 985 3075 regionibus
1000 2997 1032 3055 et
1047 2991 1137 3056 uelut
1152 2991 1268 3072 frigore
1283 2988 1399 3053 nimiae

279 3092 476 3158 infidelitatis
499 3094 659 3159 obstrictis
681 3094 761 3160 hanc
776 3095 812 3159 ut
826 3093 873 3159 ita
888 3094 1018 3159 dixerim
1032 3093 1208 3159 nuditatem
1223 3094 1433 3159 sustentares

278 3196 415 3277 possitis.
455 3197 569 3261 nostris
591 3198 674 3261 euim
698 3200 790 3263 istam
812 3196 963 3280 propositi
979 3196 1199 3263 fortitudinem
1212 3196 1400 3263 naturaliter

278 3298 505 3379 quodammodo
528 3300 643 3365 indidit
659 3306 786 3367 sanctae
801 3300 1045 3366 conuersationis
1059 3301 1248 3383 antiquitas:
1267 3318 1400 3383 quorum

277 3400 304 3466 si
327 3403 520 3467 constantiae
542 3404 635 3485 atque
656 3404 785 3469 uirtutis
807 3422 897 3488 pares
923 3422 989 3469 esse
1012 3422 1067 3468 uos
1089 3404 1225 3484 cernitis,
1248 3402 1399 3468 uiciniam

277 3506 441 3587 parantum
465 3508 658 3591 fratrumque
680 3510 855 3574 uestrorum
885 3507 1033 3573 similiter
1056 3506 1163 3591 iugero
1185 3524 1245 3571 non
1267 3505 1398 3570 debetis.

326 3843 446 3914 indque
464 3845 503 3900 B¹
604 3846 776 3903 3modulom
794 3848 835 3902 K'
937 3849 984 3917 qui
1001 3847 1061 3902 BF
1086 3861 1140 3916 qua
1157 3845 1198 3900 Κι
1300 3847 1398 3901 4sunt

279 3932 302 3988 0
416 3936 622 4001 epte..cnuota
642 3934 711 3989 Bm
742 3936 947 4004 apte..cnncta
971 3933 994 3989 0
1022 3935 1257 4002 aptae..ouuctae
1280 3931 1332 3986 lio

275 4018 456 4087 'iperuitiosa
472 4018 501 4071 B
586 4018 708 4087 seoque
724 4018 795 4074 Μ’
878 4018 912 4075 10
928 4018 1066 4073 xenodocii
1082 4016 1215 4074 ΒΨΟΚι
1301 4015 1397 4072 ΙΜ-

275 4118 325 4172 que
343 4105 381 4161 B¹
484 4104 565 4174 inter]
584 4106 612 4159 iu
630 4104 723 4161 REO*
827 4106 861 4160 13
883 4106 927 4160 nel
941 4110 1004 4175 poet
1020 4104 1080 4175 iugi
1098 4121 1148 4160 oen
1168 4103 1193 4159 0
1296 4105 1330 4159 lb
1349 4102 1395 4157 ad·

275 4204 325 4257 que
343 4188 381 4243 Β·
478 4189 512 4243 19
528 4192 686 4259 tegumeuto
703 4189 843 4258 perierunt
861 4190 889 4244 B
974 4190 1035 4260 alii]
1054 4189 1148 4246 autO
1239 4188 1275 4243 ἵ)
1291 4188 1395 4244 ruboris

275 4274 317 4327 K¹
419 4274 453 4331 23
477 4274 598 4345 expedite
622 4274 679 4329 BF
777 4276 812 4330 24
834 4276 1037 4347 turpidinis-K
1137 4276 1171 4330 26
1195 4275 1283 4330 nostri
1307 4275 1332 4331 0
1426 4343 1431 4352 ι

275 4360 437 4427 propositam
457 4360 496 4414 F¹
597 4360 631 4414 28
649 4359 733 4429 adque
752 4361 790 4415 13²
895 4362 992 4416 uirtuti
1010 4361 1099 4417 F¹Ko
