3009 5200
447 396 608 453 conlatio
632 395 724 461 VIIII,
743 394 818 450 1-2.
1129 394 1190 461 251

104 589 213 671 corporis
239 606 332 669 qnam
361 587 579 653 contritionem
610 586 737 669 spiritus
769 584 919 651 indelessa
956 584 1131 666 quaerimus
1161 584 1193 649 et

103 694 193 776 iupiter
212 708 396 757 exercemus.
433 696 465 755 et
486 693 534 755 est
556 691 639 755 inter
666 690 854 756 alterutrum
869 688 1027 771 reciproca
1042 689 1191 770 quaedam

39 859 40 882 q
102 794 350 877 inseparabilisque
380 794 565 859 coniunctio.
598 810 672 859 nam
702 792 785 857 sicut
815 791 853 857 ed
877 791 1023 855 orationis
1045 789 1191 873 perlecti-

39 893 40 948 i
103 916 171 961 ouem
198 898 333 961 omnium
362 897 465 962 tendit
493 898 651 961 structura
672 897 836 975 uirtutum,
859 896 906 960 ita
928 894 987 959 nisi
1010 894 1102 959 huius
1125 892 1192 959 cul·

39 1013 40 1016 ’
89 1003 164 1071 snine
183 1000 257 1065 haec
277 1000 383 1065 omnia
398 1000 514 1065 fuerint
538 1000 694 1083 conligata
709 1004 802 1081 atque
817 1000 977 1080 conpacta,
1003 994 1193 1063 nullomodo

102 1104 168 1169 iuna
192 1104 339 1185 poterunt
369 1103 418 1168 uel
451 1103 576 1168 stabilia
602 1104 783 1184 perdurare.
821 1099 1080 1183 quemadmodum
1110 1095 1222 1164 enimi

38 1215 39 1220 ’
101 1209 149 1271 sine
180 1205 240 1271 illis
270 1207 392 1287 adquiri
421 1204 471 1270 nel
501 1207 709 1272 consummari
738 1223 800 1270 non
830 1209 933 1287 potest
963 1205 1040 1270 haec
1065 1204 1103 1271 de
1132 1220 1194 1285 qua

37 1371 38 1406 ἢ
100 1310 231 1391 loquimur
252 1311 401 1391 perpetua
423 1309 570 1375 orationis
592 1308 736 1391 iugisque
757 1308 982 1390 tranquillitas,
1005 1308 1051 1373 ita
1066 1324 1104 1370 ne
1118 1304 1192 1372 illae

100 1414 203 1494 quidem
223 1412 355 1477 uirtutes
378 1431 455 1494 quae
476 1413 556 1477 hanc
578 1415 782 1493 praestruunt
812 1412 929 1495 absque
952 1410 1043 1476 huius
1065 1410 1194 1492 possunt

80 1514 266 1584 samituitate
288 1516 432 1597 conpleri.
470 1520 501 1579 et
531 1514 599 1579 ideo
627 1532 686 1579 nec
715 1517 798 1580 recte
827 1516 960 1579 tractare
985 1516 1023 1579 de
1046 1510 1193 1578 orationis

100 1618 189 1683 eiecta
217 1636 274 1683 nec
306 1618 346 1683 ad
375 1619 439 1684 eins
461 1618 667 1701 principalem
689 1617 793 1696 finem
817 1620 870 1700 qui
893 1619 1105 1681 uniuersarum
1127 1614 1193 1680 uir·

100 1723 183 1783 sutum
208 1717 370 1783 molitione
398 1718 565 1799 perficitur,
595 1717 759 1784 subitanea
787 1718 997 1799 disputatione
1025 1718 1194 1802 poterimus

36 1845 37 1908 p
100 1822 202 1899 muare,
225 1820 287 1885 nisi
309 1820 396 1904 prius
418 1822 573 1900 uniuersa,
597 1839 676 1904 quae
691 1820 777 1885 illins
793 1821 925 1887 obtentu
941 1821 990 1886 uel
1005 1822 1195 1889 abscidenda

35 1957 36 2006 p
99 1924 222 1989 mutual
243 1925 394 2009 peranda,
415 1944 469 2008 per
493 1924 630 1991 ordinem
656 1926 852 1991 dinumerata
874 1922 992 1990 fuerint
1013 1931 1106 2007 atque
1129 1925 1194 1990 dis-

35 2015 36 2032 *
80 2044 175 2103 sousa,
198 2031 229 2092 et
250 2027 421 2093 eorundum
444 2028 641 2111 euangelicos
660 2030 827 2109 parabolae
844 2026 1042 2111 disciplinam
1058 2047 1101 2107 ea,
1118 2047 1195 2111 quae

100 2129 301 2212 adspicitalis
330 2150 366 2195 ac
395 2132 633 2196 sublimissimae
668 2130 753 2195 illius
788 2131 1008 2195 extructionem
1040 2130 1195 2212 pertinent

34 2255 35 2286 u
100 2232 182 2315 turra,
217 2230 387 2315 subputato
422 2233 537 2299 fuerint
571 2250 607 2298 ac
638 2232 802 2317 diligenter
839 2236 911 2298 ante
933 2237 1086 2318 congesta.
1119 2246 1225 2317 quae3

34 2385 35 2390 η
99 2339 183 2399 lunen
203 2353 260 2401 nec
283 2336 454 2419 proderunt
475 2338 657 2421 praeparata
688 2354 744 2401 nec
773 2338 858 2402 recte
885 2338 1050 2420 superponi
1072 2338 1195 2405 sibimet

100 2440 198 2503 excelsa
218 2440 359 2505 culmina
380 2440 578 2522 perfectionis
599 2440 776 2518 admittent,
799 2440 860 2505 nisi
883 2442 987 2523 egesto
1009 2440 1095 2523 prius
1110 2440 1195 2505 omni

33 2575 34 2643 q
78 2543 218 2626 orepnrgio
248 2542 399 2609 uitiorum
428 2546 459 2610 et
488 2542 605 2610 effossis
636 2542 790 2610 succiduis
819 2545 1010 2628 mortuisque
1032 2543 1195 2609 ruderibus

33 2662 34 2745 i
99 2644 256 2721 passionum
285 2649 375 2712 uiuae
406 2650 441 2712 ut
468 2648 557 2713 aiunt
583 2666 619 2712 ac
647 2648 765 2713 solidae
793 2649 894 2712 terrae
922 2647 1054 2730 pectoris
1085 2648 1194 2724 nostri,

99 2745 173 2811 inmo
198 2749 247 2813 illi
277 2749 472 2832 euangelicos
500 2751 606 2832 petrae
634 2750 810 2832 superiecta
838 2749 956 2816 inerint
984 2749 1196 2832 simplicitatis

33 2900 34 2911 ,
99 2856 122 2912 et
147 2850 331 2916 humilitatis
369 2851 550 2918 firmissima
585 2853 799 2933 fundamenta,
837 2852 948 2934 quibus
985 2851 1061 2918 haec
1098 2851 1193 2918 turris

98 2953 266 3034 suarium
302 2956 456 3022 uirtutum
489 2957 706 3023 mercennurius
739 2955 909 3022 extruenda
941 2957 973 3020 a
1006 2954 1197 3022 amassiae

33 3084 34 3087 ¹
79 3054 181 3122 analect
210 3060 344 3124 stabiliri
373 3062 405 3123 et
437 3060 476 3125 ad
509 3079 632 3124 summa
665 3059 819 3126 caelorum
852 3057 981 3145 fastigia
1014 3058 1198 3124 confidentia

100 3161 218 3240 propriae
239 3161 401 3229 firmitatis
416 3163 536 3230 adtolli.
566 3162 780 3228 fundamentis
796 3161 911 3226 etenim
927 3161 1043 3226 talibus
1059 3160 1226 3230 innitent

100 3261 157 3336 tem,
171 3264 309 3345 quemuis
324 3267 502 3348 passionum
517 3265 631 3332 imbres
650 3265 819 3350 largissimi
836 3265 1072 3349 profundantur,
1089 3281 1196 3347 qnam·

180 3450 210 3504 15
227 3449 264 3503 cf.
284 3448 347 3504 Luc.
368 3451 408 3514 14,
425 3450 460 3504 28
562 3451 597 3505 22
614 3451 649 3504 ci.
667 3451 730 3506 Luc.
748 3451 775 3516 6,
792 3451 826 3505 48

138 3616 279 3674 laltcrum
296 3619 338 3673 D¹
437 3619 571 3689 itendit]
589 3621 717 3688 puritatis
735 3620 824 3675 tendit
846 3619 883 3676 W
980 3622 1086 3675 statmo
1102 3620 1132 3675 D

100 3703 198 3773 totque
218 3706 268 3761 VP
370 3705 599 3803 tpotnarnntlD
628 3707 748 3775 poterint
765 3706 794 3761 P
893 3705 1001 3760 iillias
1019 3706 1096 3776 plens
1115 3705 1199 3760 cordis

100 3806 171 3869 quiete
193 3810 301 3877 adquiri
329 3808 369 3866 W
476 3809 583 3864 the-c
612 3812 639 3866 V
745 3813 918 3879 praestruunt
943 3810 1028 3864 animi
1053 3810 1200 3880 puritatem

102 3889 130 3944 W
218 3895 340 3965 possam]
358 3910 426 3964 pona
444 3897 573 3950 orationis
594 3897 633 3952 W
734 3897 768 3950 10
786 3895 958 3951 adsednctete
973 3896 1004 3951 D
1099 3898 1201 3949 tratura

99 3974 121 4028 D
212 3981 242 4034 11
265 3980 361 4034 effectu
378 3981 409 4036 X
511 3981 567 4051 qui]
586 3997 611 4052 (Β
628 3982 660 4037 D
763 3982 796 4037 13
818 3983 919 4036 instare
939 3982 965 4036 V
1066 3981 1098 4036 14
1114 3979 1200 4049 adque

103 4061 141 4118 VP
225 4067 483 4136 ltparabnlaeVP
565 4067 705 4123 inecW¹
799 4067 992 4124 lassato
1075 4069 1199 4121 emtrnct

104 4147 155 4204 ΨΧ
234 4154 269 4208 18
279 4152 477 4222 prodeemntO
556 4152 691 4208 DOcffosis
704 4153 739 4208 V*
756 4153 848 4208 effusis
862 4153 924 4210 V‘P
1004 4153 1037 4207 22
1050 4152 1200 4220 superiacta

100 4232 122 4286 Χ
210 4239 244 4294 24
261 4237 419 4294 exstruenda
441 4239 507 4294 WX
609 4239 644 4295 25
661 4255 764 4309 summa
780 4239 810 4294 D
912 4239 946 4294 26
968 4240 1077 4309 propias
1097 4239 1135 4296 W

100 4319 234 4390 liprnbres
250 4325 280 4381 D
309 4326 445 4381 inbreaO
