3009 5200
456 450 614 506 conlatio
632 449 727 517 XIIII,
746 451 822 506 2-8.
1139 456 1203 522 405

82 646 119 707 et
140 640 270 707 seruit
299 658 384 707 cnm
413 637 523 706 filiis
553 640 648 705 suis.
685 658 826 726 anagoge
848 660 924 707 uero
946 640 986 707 (le
1006 642 1233 727 spiritalibus3

80 746 237 829 mysteriis
258 746 297 810 su
312 742 497 809 sublimiora
511 744 664 825 quaedam
679 744 712 809 et
725 742 896 809 sacratiora
911 745 1067 811 caelorum
1084 750 1203 813 secreta

80 847 287 913 conscendens
302 846 342 911 ah
360 845 499 929 apostolo
520 846 566 909 ita
587 846 757 911 subicitur:
780 864 876 929 qnae
899 850 1027 913 autem
1050 868 1201 916 sursum

79 952 137 1017 ost
159 950 411 1015 Hierusalem
439 949 568 1015 libera
593 954 671 1031 eat,
700 968 797 1033 quae
819 953 880 1017 eet
903 950 1028 1017 mater
1050 956 1201 1018 nostra.

61 1053 271 1135 ascriptum
293 1055 354 1119 est
375 1050 491 1117 enim:
514 1052 669 1118 laetare
691 1052 852 1119 sterilis
871 1070 969 1136 quae
986 1072 1059 1120 non
1076 1054 1201 1137 paris,

79 1176 237 1240 erumpe
274 1158 313 1221 et
348 1154 476 1220 clama
512 1172 614 1237 quae
658 1173 731 1220 nou
775 1156 975 1239 parturis,
1019 1157 1202 1240 quoniam

78 1260 194 1324 multi
224 1258 311 1324 filii
341 1259 529 1322 desertae
557 1257 681 1340 magis
711 1273 824 1340 quam
851 1258 938 1326 eius
961 1277 1059 1341 quae
1080 1259 1202 1325 habet

77 1363 223 1428 uirum.
260 1360 437 1444 tropologia
465 1362 514 1424 est
536 1359 663 1425 moralis
686 1359 864 1443 explanatio
886 1362 925 1427 ad
948 1361 1201 1427 emundationem

77 1466 161 1531 uitae
185 1468 217 1529 et
238 1463 473 1529 instructionem
495 1463 653 1546 pertinens
667 1464 833 1541 actualem,
856 1464 944 1530 uelut
958 1462 986 1528 si
1001 1465 1078 1531 haeo
1093 1464 1201 1531 eadem

5 1559 6 1566 ’
48 1568 135 1633 ιοᾶηο
158 1568 350 1633 testamenta
375 1564 599 1649 intellegamus
622 1558 804 1651 πρακτικὴν
826 1570 858 1630 ot
879 1566 1084 1633 theoreticam
1107 1567 1200 1633 disci·

76 1670 208 1753 pliuam,
238 1669 288 1734 uel
319 1671 402 1733 certo
431 1668 459 1732 si
481 1669 679 1735 Hierusalem
708 1672 764 1735 aut
794 1667 865 1734 Sion
898 1669 1036 1738 animam
1065 1671 1202 1737 hominis

76 1773 212 1838 uelimus
235 1772 373 1854 accipere
394 1772 564 1837 secundnm
586 1770 681 1838 illud:
712 1772 829 1838 landa
851 1771 1110 1839 Hierusalem
1140 1773 1201 1840 ‹lo-

76 1876 245 1940 minnm:
282 1876 406 1941 lauda
442 1874 555 1939 deum
592 1877 705 1939 tuum
740 1874 845 1941 Sion.
893 1875 990 1960 igitur
1024 1878 1232 1960 praedictael

4 2061 5 2064 Ἴ
77 1982 227 2061 quattuor
246 1977 365 2061 figurae
391 1978 424 2043 in
444 1995 543 2042 uuum
564 1978 621 2060 ita,
651 1978 678 2042 si
700 1978 856 2061 nolumus,
879 1976 1049 2061 confluunt,
1080 1980 1117 2045 ut
1138 1998 1202 2045 uua

4 2071 5 2104 ¹
49 2085 173 2164 satque
193 2083 299 2147 eadem
315 2079 513 2146 Hierusalem
528 2080 716 2163 quadrifarie
731 2082 829 2162 possit
844 2080 1005 2167 intellegi:
1029 2083 1200 2147 seeundum

3 2207 4 2278 l
76 2184 243 2249 historiam
276 2182 388 2248 ciuitas
420 2182 616 2261 Iudaeorum,
652 2186 821 2249 secundum
855 2184 1039 2267 allegoriam
1073 2186 1201 2249 eeclesia

3 2297 4 2350 3
77 2285 207 2370 christi,
237 2286 408 2351 secuudum
438 2303 600 2371 anagogen
632 2284 744 2351 ciuitas
766 2287 815 2351 dei
838 2286 896 2352 illa
919 2284 1072 2365 caelestis,
1103 2303 1201 2369 quae

76 2392 134 2455 est
156 2393 288 2454 mater
309 2388 479 2455 omnium
502 2393 697 2464 nostrum,
721 2389 892 2454 secuudum
911 2388 1117 2471 tropologiam
1132 2390 1201 2455 ani·

76 2512 124 2559 ma
147 2492 297 2571 hominis,
327 2509 406 2574 quae
435 2491 612 2574 frequenter
633 2491 693 2555 hoc
715 2491 841 2557 nomino
862 2495 918 2557 ant
947 2492 1123 2575 increpatur
1146 2494 1202 2558 aut

2 2632 3 2677 3
48 2595 226 2662 claudatur
248 2614 267 2660 a
288 2594 421 2661 domino.
459 2595 498 2659 de
522 2594 572 2660 his
602 2594 751 2676 quattuor
780 2593 1077 2674 interpretationum
1106 2613 1199 2678 geue-

2 2694 3 2733 ³
76 2699 163 2765 ribus
187 2698 297 2763 beatus
319 2698 477 2780 apostolus
498 2698 546 2762 ita
569 2698 662 2762 dicit:
685 2715 786 2762 nnuo
808 2700 954 2776 autem,
977 2696 1140 2774 iratres,
1166 2700 1200 2763 si

76 2817 218 2867 uenero
241 2802 286 2866 ad
308 2817 376 2865 nos
398 2799 550 2880 linguis
572 2799 750 2882 loquens,
774 2799 997 2881 quidnobis
1018 2800 1200 2883 prodero,

2 2898 3 2903 ’
76 2905 152 2969 nisi
178 2903 290 2968 uobis
311 2904 449 2985 loquar
469 2906 536 2969 aut
557 2904 594 2966 iu
616 2901 860 2967 recolatione
882 2905 949 2967 aut
970 2904 1006 2967 iu
1030 2903 1200 2969 scientia

76 3009 141 3072 eut
165 3007 205 3071 in
226 3006 436 3091 prophetia
456 3005 525 3070 ant
545 3008 585 3069 in
606 3005 815 3071 doctriua?
837 3005 987 3071 reuelatio
1006 3023 1138 3089 namque
1160 3005 1231 3073 adi>

47 3109 258 3193 aellegoriam
281 3109 428 3190 pertinet,
450 3124 507 3189 per
529 3125 624 3190 quam
639 3126 676 3173 ea
690 3124 770 3189 quoe
792 3108 873 3191 tegit
895 3106 1045 3172 historica
1061 3109 1200 3174 narratio

75 3212 215 3296 spiritali
243 3229 337 3278 seusu
366 3215 399 3277 et
429 3209 616 3292 expositione
645 3212 840 3274 reserantur:
875 3211 912 3274 ut
939 3210 1028 3275 uerbi
1049 3211 1152 3293 gratia
1173 3211 1201 3277 si

75 3316 156 3381 illud
173 3316 291 3398 aperire
306 3316 507 3396 temptemus,
530 3313 792 3395 quomadmodum
814 3314 951 3395 patres
974 3312 1104 3378 nostri
1126 3331 1200 3378 om·

75 3437 139 3483 nes
165 3416 237 3482 sub
258 3416 361 3482 nuhe
382 3415 551 3491 luerint,
575 3416 614 3479 et
637 3431 768 3479 omues
790 3414 829 3479 in
851 3413 977 3498 Moysi
999 3414 1200 3500 baptisati

176 3603 242 3658 el.
267 3619 290 3656 c.
316 3601 420 3657 20-21
536 3601 727 3666 1210142,
756 3599 788 3655 12
900 3599 933 3656 11
960 3599 1020 3656 Gal.
1046 3601 1071 3669 4,
1098 3601 1131 3656 26

73 3689 106 3741 21
124 3689 139 3744 1
157 3689 218 3744 Cor.
237 3687 313 3752 14,6
414 3687 449 3742 22
466 3687 482 3742 I
499 3687 559 3743 (ior.
579 3688 620 3753 10,
640 3687 709 3740 1-4

121 3855 141 3914 '1
167 3873 310 3927 anagogen
338 3859 398 3911 ΣΟ
511 3859 528 3912 2
555 3858 685 3932 misteriis
712 3856 772 3909 ΠΟ
885 3857 903 3911 5
929 3855 1034 3910 sterelis
1061 3854 1132 3907 11¹0

74 3947 240 4017 liquoniam
261 3944 333 3998 ΣΟε
363 3943 427 4013 qnia
448 3945 525 4000 II‘Po
542 3950 569 3999 ct
590 3944 672 4014 Vulp.
780 3942 797 3996 8
823 3941 1029 3996 aemulationem
1056 3943 1085 3993 Σ
1113 3955 1201 3994 ameu-

74 4033 212 4087 (latr'onem
229 4031 304 4084 Yon
407 4031 440 4085 10
456 4028 601 4084 theoricam
619 4030 646 4083 0
749 4029 782 4083 lt
799 4027 993 4098 quadrifariam
1012 4027 1062 4081 lIo
1091 4023 1201 4096 quadri·

75 4119 143 4172 faria
168 4118 194 4171 0
297 4117 331 4171 16
353 4116 490 4169 ecelesiam
514 4117 542 4168 Σ
646 4116 679 4170 18
701 4117 853 4169 nostrorum
873 4112 932 4164 ΠΟ
1034 4111 1069 4166 20
1085 4113 1201 4180 quatuor

75 4205 100 4253 Τ
199 4203 281 4258 2310
298 4207 365 4257 cete
383 4203 494 4256 scientia
511 4218 560 4257 om.
579 4205 605 4255 'l'
705 4202 740 4255 24
762 4199 828 4270 prol.
845 4199 876 4250 H
975 4197 1200 4267 congregarit

75 4289 103 4338 Σ
205 4288 240 4342 22
253 4289 398 4341 temtemns
416 4285 496 4354 Σ(0)
599 4287 634 4341 28
655 4286 766 4341 luerunt
783 4283 868 4338 nco
971 4286 999 4338 et
1017 4284 1045 4338 in
1062 4299 1153 4337 omnes
1172 4285 1200 4337 iu

76 4376 103 4424 Σ
203 4389 279 4443 mosy
297 4373 325 4424 Σ
352 4387 443 4442 moyse
460 4373 486 4424 Y
511 4387 619 4442 moyeen
638 4371 664 4425 0
