3009 5200
528 457 691 514 Conlatio
714 457 880 525 11‚1c-aa.
1223 463 1264 529 61

139 645 189 710 uel
218 645 321 728 pomis
349 645 451 710 uitam
480 645 595 731 iugiter
621 646 794 731 exigebant,
822 663 1024 731 praeposuere
1049 649 1171 714 cunctis
1196 649 1263 716 illis

137 750 336 815 mlectiouem
358 747 455 814 solius
478 749 577 832 panis,
600 749 688 816 cuius
710 749 932 832 aequissimum
953 752 1080 818 modum
1095 751 1128 819 iu
1142 753 1263 818 duobus

138 851 326 934 paxamatiis
354 853 543 932 statuerunt,
571 871 646 935 quos
675 852 821 936 paruulos
850 869 947 934 panes
974 853 1027 918 uix
1049 845 1149 920 librae
1170 854 1263 920 unius

136 957 255 1038 pondus
278 953 393 1019 habere
415 954 625 1020 certissimum
648 959 705 1020 est.
898 964 902 977 ·

118 1100 130 1140 a
177 1075 249 1140 XX.
273 1071 361 1152 Quod
384 1091 439 1138 nos
461 1077 624 1157 gratanter
646 1073 781 1158 amplexi
803 1073 1014 1156 respondimus
1036 1073 1120 1140 hune
1135 1075 1262 1142 modum

140 1195 192 1242 uos
215 1177 347 1242 minime
367 1195 423 1260 pro
438 1177 630 1242 continentia
647 1175 807 1263 reputare‚'
818 1179 930 1262 quippe
944 1178 997 1262 qui
1013 1178 1173 1263 integrum
1188 1197 1260 1244 oum

138 1299 336 1364 nequaquam
356 1299 517 1364 possemus
543 1283 709 1348 insumere.

178 1401 265 1466 XXI.
290 1417 435 1466 uorans:
460 1401 493 1466 Si
516 1401 613 1466 uultis
635 1401 765 1485 experiri
787 1401 853 1466 uim
875 1398 989 1466 statuti
1011 1400 1113 1479 huius,
1136 1405 1263 1468 modum

140 1507 236 1570 istum
258 1505 374 1588 iugiter
394 1503 537 1588 retinete,
552 1505 675 1572 nullum
694 1506 885 1571 extrinsecus
902 1504 1049 1570 coctionis
1064 1506 1263 1588 pulmentum

108 1608 185 1672 odie
201 1605 358 1672 dominico
373 1605 424 1673 uel
440 1606 562 1673 sabbati
578 1625 678 1690 neque
694 1605 751 1673 sub
765 1607 869 1690 aliqua
880 1605 1114 1673 aduenientium
1128 1607 1263 1673 fratrum

139 1710 297 1776 occasione
319 1709 487 1775 sumentes.
523 1728 597 1776 uam
619 1709 668 1774 his
698 1709 815 1775 refecta
838 1727 908 1775 caro
931 1728 993 1775 non
1016 1711 1118 1776 solum
1141 1711 1262 1776 minore

141 1813 317 1895 quantitate
333 1811 442 1877 diebus
457 1812 588 1877 residuis
603 1815 717 1896 poterit
732 1813 910 1892 sustentari,
927 1831 1036 1878 nerum
1052 1815 1146 1879 etiam
1162 1817 1263 1878 totam

139 1914 336 1981 reiectionem
357 1915 426 1980 sino
448 1915 551 1982 labore
574 1915 707 1992 differre,
729 1915 858 1981 illorum
880 1915 1001 1982 scilicet
1023 1918 1162 1982 ciborum
1184 1934 1262 2000 quos

141 2020 330 2085 extrinsecus
358 2019 530 2102 sumpserit
562 2019 733 2085 adiectione
762 2018 899 2085 suffulta.
938 2022 1018 2102 quod
1051 2019 1138 2085 nullo
1170 2017 1293 2085 medei

109 2119 236 2190 uiuere
263 2139 321 2185 nec
348 2119 548 2187 refectionem
577 2121 666 2204 panis
688 2119 811 2187 differre
833 2125 867 2187 in
889 2121 972 2186 diem
993 2125 1150 2205 posterum
1172 2139 1262 2204 prae·

141 2225 268 2302 ualebit‚
292 2225 423 2307 quisque
446 2225 540 2290 fuerit
563 2243 686 2306 semper
706 2227 884 2309 praedictae
906 2245 1069 2292 mensurae
1087 2226 1262 2308 qnantimte

139 2327 315 2392 contentus.
353 2327 468 2391 etenim
494 2327 623 2393 memini
645 2329 780 2394 seniores
809 2329 939 2406 nostros,
963 2329 1043 2410 quod
1064 2346 1119 2394 nos
1142 2345 1263 2410 quoque

138 2432 253 2494 retineo
275 2428 453 2511 frequenter
475 2428 570 2494 fuisse
591 2449 763 2516 perpessos,
788 2449 859 2496 cnm
884 2432 974 2494 tanto
995 2430 1100 2496 labore
1121 2447 1158 2494 ao
1179 2429 1262 2497 diffi-

139 2531 256 2598 cultata
276 2530 359 2597 hanc
380 2531 602 2616 parsimoniam
625 2537 817 2598 sustentasse
839 2533 990 2616 tantaque
1005 2533 1037 2598 ui
1052 2535 1145 2616 atquo
1158 2533 1263 2600 inedia

109 2664 131 2703 so
138 2637 330 2719 praedictam
359 2638 529 2703 custodisse
556 2656 747 2719 mensuram,
776 2640 814 2703 ut
841 2638 936 2703 inuiti
959 2638 1183 2720 quodammodo
1206 2656 1263 2704 noc

138 2740 204 2805 sino
218 2740 340 2825 gemitu
354 2740 448 2823 atque
463 2740 596 2805 tristitia
607 2740 689 2806 hune
701 2740 796 2806 linem
807 2741 867 2805 sibi
879 2740 1057 2806 refectionis
1068 2740 1261 2824 inponerent.

179 2858 280 2925 XXIL
311 2858 470 2926 Generalis
497 2860 603 2925 tamen
630 2860 681 2925 hio
710 2860 917 2926 continentiae
942 2861 1052 2927 modus
1075 2860 1131 2940 est,
1154 2861 1190 2925 ut
1210 2880 1261 2927 se·

138 2963 274 3029 eundum
302 2962 503 3045 capacitatem
531 2962 649 3028 uirium
678 2963 730 3028 uel
759 2963 894 3046 corporis
921 2962 973 3028 uel
999 2962 1111 3028 aetatis
1133 2966 1260 3029 tautum

141 3064 264 3131 sibimet
289 3064 352 3129 cibi
372 3066 579 3149 unnsquisque
601 3065 757 3142 concedat,
776 3066 929 3147 quantum
946 3066 1133 3132 sustentatio
1150 3066 1260 3149 earnis,

107 3185 199 3239 ernon
221 3168 371 3249 quantum
394 3168 582 3234 desiderium
604 3167 779 3233 saturitatis
802 3167 948 3251 exposcit.
983 3169 1163 3251 inutraque
1178 3172 1260 3235 enim

139 3274 225 3355 parte
239 3270 408 3336 sustinebit
419 3272 589 3336 marimum
605 3272 839 3351 detrimentum,
853 3270 993 3354 quisquis
1003 3270 1260 3355 inaequalitatem

140 3378 245 3437 tenens
276 3390 359 3438 nnnc
385 3374 525 3439 uentrem
553 3373 737 3439 ieiuniorum
766 3372 915 3439 ariditate
947 3374 1144 3459 constringit,
1173 3392 1257 3440 nunc

139 3493 278 3541 esmrnnr
314 3475 477 3541 nimietate
509 3476 666 3543 distendit.
703 3480 739 3541 nt
772 3476 857 3540 eninr
888 3494 977 3541 mens
1010 3475 1075 3541 cibi
1106 3472 1291 3543 inanitate2

140 3578 253 3644 lassata
274 3578 374 3663 perdit
396 3579 570 3645 orationum
592 3582 740 3667 uigorem,
757 3578 830 3643 dum
846 3579 946 3644 carnis
961 3578 1146 3645 lassitudine
1161 3579 1260 3646 nimia

190 3864 368 3931 lexopsbant
388 3863 425 3919 W
522 3867 731 3936 tesquissimns
746 3867 792 3922 D*
888 3867 1086 3938 dpaxamata'io
1102 3868 1158 3923 12¹:
1187 3868 1261 3937 pani·

141 3950 229 4005 mutilo
250 3950 361 4007 D²Wo
389 3952 584 4021 pomeriaux
684 3952 889 4011 domiminus
910 3954 952 4009 D¹
1053 3953 1161 4009 doute
1184 3952 1261 4019 Quod

141 4036 302 4093 oddoxu:
329 4034 478 4095 Germanus
559 4038 836 4097 8mosorD¹WOX¹
922 4038 1062 4094 summo
1142 4040 1260 4094 retenote

145 4124 188 4179 W¹
284 4124 317 4178 13
335 4125 459 4193 cyborum
472 4126 503 4181 D
598 4125 631 4182 18
642 4127 747 4179 reteneo
763 4124 826 4181 17¹:
852 4124 1192 4181 nectarus.6-71itt.1)

142 4208 172 4261 19
192 4208 293 4279 adquae
315 4210 359 4261 W·
462 4210 497 4265 20
520 4212 656 4281 praedicta
677 4206 718 4267 D¹
822 4205 986 4279 quodamodo
1006 4208 1071 4266 Wo
1169 4211 1204 4265 al
1221 4225 1261 4264 ro·

141 4292 263 4349 sectiones
282 4294 324 4349 Β*
418 4295 452 4349 23
469 4296 514 4350 nol
531 4296 639 4367 aetatis]
658 4294 1026 4365 qualitateaoraa.oa21l
1119 4296 1154 4351 24
1170 4294 1261 4351 cibum
1309 4282 1314 4290 ’

144 4378 166 4433 0
263 4380 299 4435 26
317 4380 468 4435 suetenebit
488 4382 527 4439 W
626 4380 660 4435 28
677 4379 738 4450 cybi
756 4379 786 4435 D
886 4380 921 4435 29
939 4382 1111 4437 oratiouieO
