3009 5200
314 438 377 505 198
703 434 871 491 Iohannis
897 432 1056 490 Cassiani

355 624 441 693 XXI.
471 626 560 693 Hanc
585 628 689 691 autem
712 624 785 691 illos
808 623 1070 691 conluctatiouem
1092 644 1152 693 nou
1174 626 1241 691 siue
1262 644 1318 693 suo
1340 625 1444 690 credi-

313 748 385 795 mus
414 731 517 797 labore
545 729 702 799 conficere.
740 730 855 796 habeut
877 747 1011 812 namque
1034 732 1129 795 etiam
1151 732 1213 815 ipsi
1235 733 1268 795 in
1288 747 1345 795 suo
1368 747 1444 795 con-

313 832 402 899 flictu
431 832 585 917 quandam
615 833 804 898 anxietatem
835 833 929 914 atque
957 832 1122 899 tristitiam
1152 838 1184 899 et
1206 834 1340 899 maxime
1370 851 1444 897 cum

315 936 432 1001 luerint
460 935 666 1003 ualidioribus
697 936 840 1016 aemulis,
870 934 903 1000 id
926 936 975 1001 est
997 936 1074 1001 uiris
1095 937 1214 1003 sanctis
1235 936 1446 1019 perfectisque

315 1042 481 1123 congressi.
518 1040 655 1123 alioquin
688 1040 752 1105 iam
782 1057 845 1105 nou
875 1039 1038 1105 conflictus
1067 1059 1123 1105 nec
1153 1040 1351 1117 conluctatio,
1386 1040 1486 1103 sede

315 1142 447 1224 simplex
476 1145 601 1207 tantum
623 1145 655 1207 et
677 1142 713 1207 ut
734 1143 782 1209 ita
803 1141 934 1207 dixerim
955 1161 1065 1210 secure
1087 1143 1153 1209 illis
1175 1146 1258 1209 esset
1280 1142 1445 1209 hominum

316 1243 477 1310 adtributa
510 1244 659 1326 deceptio.
697 1245 730 1309 et
763 1246 918 1327 quomodo
951 1246 1050 1311 staret
1082 1244 1163 1311 illud
1194 1246 1327 1328 apostoli
1358 1245 1446 1328 quod

316 1348 409 1414 dicit:
444 1365 517 1413 uon
547 1350 608 1413 est
638 1347 750 1413 nobis
782 1348 1036 1413 conluctatio
1067 1350 1256 1415 aduersus
1286 1366 1446 1414 caruem

316 1454 353 1517 et
375 1452 621 1535 sanguinem,
651 1450 716 1516 sed
738 1451 932 1518 aduersus
954 1450 1223 1535 principatus,
1251 1453 1447 1518 aduersus

314 1554 556 1638 potestates,
590 1553 785 1619 aduersus
818 1554 948 1620 mundi
981 1558 1155 1621 rectores
1189 1556 1488 1621 tenebrarumro

315 1657 471 1737 harum,
494 1660 631 1722 contre
653 1656 866 1738 spiritalia
886 1656 1094 1739 nequitiae
1116 1657 1153 1723 in
1177 1656 1448 1723 caelestibus?

316 1758 397 1825 illud
420 1775 556 1841 quoque:
586 1759 642 1825 sic
669 1777 800 1843 pugno
823 1776 898 1826 non
919 1759 1033 1843 quasi
1055 1766 1182 1826 aerem
1204 1760 1448 1843 uerberaus,

286 1861 349 1932 aec
364 1862 495 1927 iterum:
519 1863 654 1927 bonurn
679 1879 840 1944 agonem
861 1863 1028 1928 certaui.
1059 1862 1114 1929 ubi
1131 1863 1214 1929 euim
1229 1880 1311 1947 agon
1326 1862 1450 1928 dicitur

317 1968 348 2030 et
370 1968 524 2029 certamen
548 1966 579 2028 et
601 1982 717 2048 pugna,
741 1982 866 2029 necesse
889 1965 994 2029 estut
1016 1964 1174 2047 utrimque
1197 1965 1290 2031 sudor
1305 1968 1337 2031 et
1354 1965 1450 2030 labor

316 2086 351 2134 ae
373 2067 551 2135 sollicitudo
574 2067 723 2133 subeatur
745 2070 777 2132 et
799 2067 971 2150 acqualiter
992 2068 1065 2133 illos
1087 2070 1140 2133 uel
1162 2088 1255 2152 super
1272 2070 1448 2135 deiectione
1461 2090 1488 2130 re

317 2172 444 2239 maneat
472 2170 559 2236 dolor
587 2174 681 2253 atque
711 2170 851 2237 conlusio
877 2172 928 2237 uel
951 2172 989 2237 de
1012 2171 1142 2238 uictoria
1163 2172 1313 2256 gaudium
1334 2191 1449 2237 conse·

315 2276 439 2359 quatur.
476 2274 531 2339 ubi
553 2292 626 2340 uero
648 2273 710 2340 alio
733 2292 805 2339 oum
826 2274 937 2339 sudore
959 2274 1098 2341 luctante
1121 2274 1201 2341 alius
1223 2293 1294 2341 cum
1318 2274 1381 2342 otio
1408 2294 1449 2340 ac

316 2378 480 2446 securitate
503 2378 645 2462 confligit
667 2382 699 2444 ct
722 2379 761 2443 ad
779 2378 976 2444 deiciendum
998 2379 1157 2443 aemulum
1173 2379 1238 2445 sola
1252 2396 1307 2462 pro
1322 2379 1450 2443 uiribus

315 2482 418 2548 utitur
439 2482 611 2559 uoluntate,
634 2499 695 2547 non
717 2498 823 2565 pugna
844 2480 976 2547 dicenda
999 2481 1048 2547 est
1068 2500 1124 2547 nec
1140 2482 1328 2547 conluctatio
1343 2500 1450 2563 neque

317 2590 481 2665 certamen,
505 2586 558 2652 sed
580 2586 688 2670 iniqua
715 2585 866 2670 quaedam
889 2588 922 2650 et
943 2585 1175 2653 inrationabilis
1203 2584 1491 2668 obpugnationis»

286 2690 476 2774 3inpressic.
513 2690 566 2755 sed
589 2690 682 2773 plene
707 2688 854 2756 laborant
881 2690 914 2755 et
940 2689 1001 2772 ipsi
1024 2708 1083 2755 non
1106 2689 1211 2754 minus
1233 2689 1451 2772 inpugnantes

316 2795 479 2860 hominurn
512 2811 610 2876 genus
642 2794 675 2859 et
707 2792 870 2874 desudant,
900 2795 937 2858 ut
963 2790 1166 2876 praeualeant
1195 2791 1232 2857 ele
1261 2809 1451 2875 unoquoque

316 2899 404 2964 illam
429 2914 522 2979 quam
545 2895 677 2978 cupiunt
698 2894 838 2963 obtinere
859 2895 1035 2974 uictoriam,
1057 2899 1091 2960 et
1113 2898 1311 2978 retorquetur
1334 2895 1365 2959 in
1391 2914 1451 2959 eos

316 3000 374 3066 ille
402 2999 539 3065 confusio
568 3016 645 3080 quae
673 3017 727 3064 nos
757 3000 913 3083 manebat,
946 2999 972 3063 si
1001 2998 1140 3082 stipsis
1164 2997 1332 3064 fuissemus
1361 2997 1451 3076 elisi,

318 3103 489 3168 secuudum
522 3100 618 3167 illud:
648 3103 765 3184 eaput
794 3099 993 3166 circuitus
1021 3119 1169 3167 eorum:
1199 3099 1313 3166 labor
1343 3099 1492 3166 labi-re

318 3223 428 3270 orum
461 3206 635 3286 ipsorum
669 3203 825 3287 operiet
853 3221 935 3286 eos,
963 3204 1010 3269 et:
1041 3204 1303 3269 conuertetur
1331 3203 1453 3268 dolor

319 3309 404 3375 eius
437 3309 476 3374 in
503 3309 622 3391 ceput
650 3309 751 3383 eins,
781 3306 976 3373 etiterum:
1006 3307 1143 3372 ueniat
1169 3305 1238 3372 illi
1261 3306 1451 3388 laqueus,

369 3528 567 3600 emam
666 3528 905 3592 mmam
1004 3527 1250 3595 mmmm
1347 3526 1453 3582 mm

319 3617 430 3682 rmm
531 3615 725 3682 mmqm
828 3613 1021 3677 emme

372 3821 455 3877 1xx
477 3821 516 3876 W
612 3818 733 3887 3adque
757 3817 808 3872 VP
909 3817 1153 3887 9eauguenimV
1251 3819 1283 3872 11
1302 3819 1456 3886 nequititia

323 3905 611 3978 VnequitisD²OX²
693 3905 726 3960 14
743 3907 775 3959 ut
792 3920 843 3959 oea
860 3903 922 3958 DX
946 3905 977 3957 ut
994 3906 1022 3958 et
1037 3904 1080 3958 D’
1159 3904 1461 3974 utrumquchV0²P

319 4015 493 4080 utrorumque
515 4009 546 4064 X
647 3995 743 4093 condor
765 4008 795 4063 D
900 4008 931 4060 15
956 4006 999 4061 uel
1022 4007 1120 4064 orno
1222 4007 1399 4063 deiectionem
1422 4008 1457 4062 D

323 4115 374 4172 ΟΡ
399 4113 624 4192 delectioncle
694 4113 727 4166 16
739 4113 846 4164 moneat
858 4111 905 4168 117ι
976 4112 1063 4181 adque
1078 4111 1154 4168 VOP
1222 4111 1381 4168 nieturiaV

320 4204 353 4257 18
380 4200 508 4255 aemolum
535 4199 583 4255 W¹
690 4199 721 4252 19
745 4213 793 4251 nec
810 4200 942 4251 certamen
966 4197 1008 4252 D¹
1112 4197 1147 4252 23
1171 4198 1315 4254 uictoriam
1343 4197 1378 4252 V¹

319 4289 374 4357 eos]
393 4286 454 4342 illce
471 4302 505 4342 cc
522 4285 586 4339 illus
607 4284 634 4338 V
728 4283 763 4337 24
779 4281 921 4337 menime·
941 4283 967 4340 V
1058 4283 1093 4340 25
1109 4284 1196 4354 capud
1217 4284 1243 4341 V
1334 4282 1369 4337 at
1385 4299 1458 4338 corr·

319 4376 437 4429 uertitur
454 4373 494 4428 1)ι
597 4371 673 4426 dolus
690 4369 732 4425 D¹
835 4369 869 4423 al
887 4369 973 4439 capud
994 4370 1047 4425 VD
