3009 5200
452 406 615 463 conlatio
638 406 733 474 11111,
752 408 862 465 12-13.
1152 412 1218 478 415

96 598 153 664 iila
179 596 293 681 quibus
319 598 359 664 ιι
385 594 521 663 infautia
546 597 659 662 inbuta
685 596 735 663 est
761 598 942 664 ooulabetnr
970 610 1066 683 etque
1095 616 1217 685 semper

96 700 237 768 reuoluat
263 718 342 783 quae
369 700 463 783 longo
496 716 556 763 usu
584 716 622 764 ae
648 699 853 765 meditatione
887 700 1037 785 eoreepit
1074 704 1111 767 ut
1144 705 1245 787 ergod

95 804 170 871 haee
190 804 224 868 iu
245 803 279 868 te
299 802 432 869 seientia
453 801 605 886 spiritalis
625 807 776 885 perpetua
797 802 957 869 soliditate
977 802 1140 871 roboretur
1161 822 1218 873 neo

96 926 132 973 ea
150 906 216 973 ianr
237 907 425 989 temporarie
445 904 614 989 peiruaris
631 906 716 973 sieut
728 906 779 971 illi
795 908 849 990 qui
867 924 936 973 eam
951 924 1013 973 uon
1028 926 1084 973 suo
1099 909 1214 990 studio,
1230 940 1233 945 Α

76 1014 147 1077 used
169 1011 275 1076 aliem
295 1010 446 1074 relatione
477 1008 663 1092 oostiugunt
684 1010 717 1075 et
738 1010 827 1075 ueltd
854 1010 938 1075 aeris
960 1010 997 1077 ut
1018 1013 1064 1076 ita
1085 1010 1217 1077 dixerim

92 1116 188 1181 odore
208 1112 395 1197 percipiunt,
417 1112 471 1177 sed
493 1115 529 1177 ut
550 1113 693 1178 sensibus
708 1113 772 1179 tuis
785 1112 975 1179 iuuisuarata
991 1114 1217 1197 quodammodo

92 1222 126 1283 et
149 1217 311 1300 perspecta
337 1217 431 1299 atque
457 1214 584 1298 palpata
611 1216 770 1296 esuriatur,
798 1215 878 1282 illud
905 1220 991 1283 omui
1019 1217 1217 1285 obseruantia

95 1318 252 1387 custodire
279 1324 312 1385 te
339 1318 496 1401 eonuenit‚
527 1322 562 1384 ut
582 1318 705 1385 etiamsi
727 1338 765 1385 ea
787 1336 864 1403 quae
891 1320 1009 1404 optime
1030 1321 1114 1386 nosti
1136 1322 1216 1388 forte

95 1424 230 1490 audieris
263 1422 297 1487 iu
330 1422 504 1487 mutatione
536 1422 677 1507 proferri,
710 1440 773 1488 nou
806 1442 842 1489 er
869 1424 928 1490 hoo
956 1424 1038 1506 quod
1065 1423 1125 1491 tibi
1151 1425 1216 1490 iam

66 1530 170 1592 renota
190 1525 255 1591 siut
275 1528 474 1608 aspernanter
495 1524 715 1609 fastidiosoque
736 1525 898 1609 suscipies,
922 1525 976 1592 sed
998 1544 1035 1592 ea
1056 1526 1140 1593 oordi
1162 1530 1216 1595 tuo

96 1630 155 1695 illa
175 1628 327 1694 auiditate
348 1627 544 1709 eoumeudes,
560 1644 622 1711 qua
635 1627 749 1695 debent
763 1627 983 1696 desiderabilia
996 1630 1107 1697 salutis
1121 1630 1217 1698 uerba

96 1734 145 1799 uel
169 1731 298 1798 sufibus
319 1732 435 1797 uostris
455 1731 669 1796 indesinenter
696 1730 821 1797 infundi
843 1731 894 1798 uel
916 1732 955 1798 de
977 1737 1081 1799 nostro
1103 1737 1217 1821 iugiter

97 1854 146 1902 ore
182 1834 324 1918 proferri.
376 1834 519 1917 qmnnuis
555 1834 637 1899 euim
674 1834 859 1900 adhibeatur
898 1838 1075 1901 ansianum
1111 1836 1246 1903 rerumd

96 1940 204 2006 neum
224 1936 371 2013 narratio,
394 1954 567 2020 numquam
588 1939 694 2001 tamen
716 1940 836 2003 animae
858 1936 946 2003 sitim
961 1956 1052 2005 uerae
1067 1942 1216 2008 seleutias

66 2043 266 2108 usustiueuti
291 2040 423 2107 satietas
451 2040 613 2124 generabit
641 2042 810 2120 horrorem,
839 2040 894 2106 sed
924 2056 961 2107 ea
987 2042 1100 2109 ootidie
1127 2045 1218 2110 uelut

96 2163 179 2211 unua
210 2164 248 2211 ae
280 2144 453 2211 desiderata
484 2143 656 2228 suseipieus
690 2146 806 2227 quanto
842 2144 1035 2229 frequentius
1068 2145 1216 2229 hauserit,

97 2254 184 2315 tanto
205 2247 330 2314 auidius
350 2249 403 2313 nel
424 2248 531 2313 audiet
552 2248 603 2311 uel
628 2247 772 2332 loquetur
786 2252 818 2313 st
833 2248 1096 2314 confirmationem
1111 2250 1217 2331 potius

95 2352 258 2436 perceptae
292 2350 438 2416 soientdse
474 2368 510 2415 er
547 2368 653 2416 eorum
690 2349 876 2432 repetitione
912 2368 1005 2434 qnam
1041 2352 1143 2417 ullum
1179 2372 1216 2419 ex

96 2454 251 2538 frequemi
281 2454 384 2537 sapiet
418 2452 593 2519 ooniatioue
627 2452 798 2519 fastidium.
844 2452 972 2518 euidens
1004 2472 1137 2537 manuque
1169 2456 1216 2521 est

63 2558 219 2643 stupidas
242 2574 280 2624 ae
301 2556 450 2640 superbae
470 2556 585 2622 mentis
607 2554 767 2635 indioium,
791 2556 819 2621 si
840 2554 1006 2622 natorum
1029 2557 1213 2624 salutarium

95 2663 283 2728 medisinam
325 2659 470 2744 quernus
513 2659 616 2726 studio
659 2658 777 2724 nimiae
818 2658 1017 2725 adsiduitatis
1059 2661 1214 2744 ingestam

95 2764 254 2831 fastidiose
281 2765 541 2848 neglegenterque
569 2762 732 2846 suseipiat:
765 2763 901 2827 anima
933 2763 1017 2828 euim
1047 2781 1145 2847 quae
1178 2766 1215 2830 in

96 2869 290 2936 satietate
318 2871 378 2934 est
405 2867 515 2933 lauis
544 2866 713 2945 inludit,
744 2865 897 2931 animae
925 2867 1056 2932 autem
1083 2870 1215 2952 egenti

96 2971 216 3038 etiam
239 2988 371 3038 amaru
391 2969 523 3036 duleia
545 2969 747 3035 uidentur.
777 2971 804 3036 si
826 2970 932 3053 itaque
952 2969 1029 3037 haee
1049 2969 1245 3058 diligenterii

61 3075 221 3158 aexoepta
254 3079 286 3140 et
317 3075 352 3140 iu
384 3091 505 3140 swessu
536 3076 652 3140 mentis
685 3075 807 3140 uendite
833 3075 926 3156 atque
954 3073 1073 3141 iudiota
1099 3077 1215 3142 fuerint

95 3178 310 3244 &diurnitate
336 3177 472 3260 signata
501 3177 608 3259 postea
632 3178 671 3242 ut
697 3178 772 3243 uiua
799 3177 1073 3260 quodmsuaue
1099 3177 1215 3245 olentia

95 3283 128 3348 et
148 3280 351 3348 laetificantia
372 3297 424 3345 eor
444 3279 588 3361 hominis,
611 3299 685 3345 eum
705 3299 853 3346 sensuum
869 3281 1031 3348 assideat
1044 3283 1213 3366 patientiae

95 3384 214 3450 ineunt
241 3385 401 3450 uetustate
430 3384 566 3462 deooeta,
587 3402 658 3450 eum
679 3401 793 3468 magua
814 3385 864 3450 sui
885 3385 1058 3470 fragrantia
1080 3386 1117 3451 de
1139 3403 1213 3451 uase

195 3611 231 3667 22
247 3611 328 3668 Pror.
344 3611 387 3680 27,
405 3611 421 3666 'l
440 3611 535 3680 (Lxx)

146 3827 160 3879 1
179 3825 289 3880 iuubuta
305 3826 368 3877 ΣΠ
447 3817 450 3822 ’
466 3825 485 3879 2
500 3825 567 3880 haee
584 3841 648 3896 ergo
666 3829 691 3879 d’
788 3827 805 3880 3
823 3826 967 3880 solidatute
985 3825 1014 3878 Π
1109 3825 1127 3878 d
1145 3827 1212 3878 tem·

93 3927 155 3980 pore
172 3913 199 3962 ι’
282 3911 413 3966 ῠτιιιιίο
429 3911 468 3964 Π1
559 3911 803 3981 ιφιοάᾱιωωοὰο
821 3911 860 3964 Πι
946 3911 1093 3980 'lpullieta
1109 3912 1145 3964 Τ*

92 3997 281 4051 mutiens
298 3999 325 4049 ι’
418 3998 435 4051 8
452 3994 554 4051 obtinus
572 3996 598 4049 0
692 3997 709 4050 9
726 3997 846 4066 prolerre
863 3997 894 4048 Π
989 3996 1023 4050 10
1041 3997 1105 4050 sunt
1121 3997 1147 4049 ι’

96 4084 129 4136 14
152 4081 233 4136 araba
258 4082 289 4133 Π
396 4083 427 4137 15
453 4081 603 4137 mteueuti
628 4081 667 4134 Πι
771 4081 891 4151 quotidie
917 4081 942 4134 0
1043 4082 1076 4136 21
1103 4081 1211 4150 uimine]

94 4167 241 4222 mimmii
322 4166 625 4237 22neelegentsrqu02
715 4167 840 4238 titionis]
853 4167 956 4221 darni'l'
1043 4169 1079 4223 24
1090 4168 1213 4222 uidentes

96 4253 136 4305 Ηῑ
244 4252 278 4306 25
303 4256 332 4306 et
358 4268 409 4307 oss.
436 4255 462 4304 ι’
558 4253 662 4308 indiota
687 4253 761 4308 ll¹r2
790 4253 879 4308 indita
904 4255 963 4309 rell.
1069 4255 1103 4310 2⁵1
1130 4271 1211 4325 quum

96 4337 122 4390 Ο
222 4337 337 4392 eauitiae
355 4339 384 4389 Σ
484 4339 519 4393 28
535 4337 681 4408 flagrantia
697 4339 789 4392 led'
815 4339 1024 4409 irauglsutiaO
