3009 5200
499 428 659 485 Conlatio
681 428 738 493 XV,
758 429 834 482 1-2.
1167 430 1230 496 421

103 622 314 686 mundatus
345 622 406 686 est
434 622 515 686 nisi
543 619 688 686 Nomen
723 618 847 703 Syrus.
887 620 1000 685 tertius
1035 618 1260 686 curationumb

101 722 213 789 modus
242 724 339 789 etiarn
366 724 511 789 conludio
538 723 723 789 daemonum
751 740 790 787 eo
818 722 953 787 faotione
982 722 1162 805 simulatur,
1184 726 1230 801 ut,

100 830 175 891 dum
204 827 296 892 bomo
324 828 500 892 manifestis
528 828 710 891 criminibus
736 826 894 909 obligatus
916 828 1042 907 propter
1064 826 1229 891 admirati·

100 948 191 996 ouem
208 932 369 1014 signorum
386 932 510 995 sanctus
527 946 563 995 ac
578 930 630 995 dei
645 930 783 996 famulus
798 929 946 1005 creditur,
967 929 1061 995 otiam
1077 930 1229 995 uitiorum

80 1038 166 1100 seius
205 1035 375 1099 aemulatio
413 1035 581 1099 suadeatur
613 1037 646 1099 et
681 1054 738 1116 per
775 1032 832 1097 hoc
865 1033 1101 1099 obtrectationis
1140 1034 1229 1098 aditu

97 1142 237 1203 reserato
260 1138 357 1203 etiam
379 1138 540 1219 religionis
570 1136 723 1203 sauctitas
750 1136 932 1215 infametur,
962 1138 1013 1201 uel
1036 1137 1228 1203 uertentis

98 1241 152 1323 qui
182 1243 379 1307 curationum
409 1243 489 1306 dona
516 1240 630 1305 habere
657 1258 690 1305 ee
718 1238 818 1304 credit
845 1258 898 1322 per
922 1239 1103 1321 superbiam
1126 1241 1226 1306 cordis

97 1345 200 1409 elutus
237 1344 364 1427 grauius
403 1344 546 1408 elidatur.
589 1342 664 1407 indo
701 1346 750 1407 est
785 1343 866 1425 quod
903 1344 1083 1409 inuocantes
1120 1362 1227 1408 eorum

97 1447 236 1529 nomine,
275 1464 350 1529 quos
389 1447 478 1511 nulla
510 1445 627 1510 merite
657 1445 834 1511 sanctitatis
867 1464 922 1509 nec
955 1445 1035 1511 ullos
1069 1444 1228 1529 spiritales

68 1551 219 1615 reductus
242 1550 356 1615 habere
379 1554 577 1633 cognoscunt,
600 1550 650 1613 uri
672 1567 704 1613 se
727 1565 834 1613 eornm
850 1548 972 1613 meritis
989 1568 1025 1613 sc
1040 1548 1078 1613 de
1094 1548 1227 1613 obsessis

99 1654 254 1717 simutant
283 1654 462 1736 corporibus
489 1652 632 1735 effugari.
670 1652 710 1716 de
736 1652 848 1733 quibus
870 1654 904 1717 in
927 1652 1170 1717 Deuteronomio
1193 1652 1258 1724 si6

99 1756 334 1833 surrexerit,
367 1756 481 1837 iuquit,
510 1757 550 1820 in
578 1754 706 1819 medio
734 1754 795 1817 tui
819 1754 1046 1836 prophetes,
1068 1759 1139 1820 aut
1163 1755 1228 1837 qui

99 1857 298 1923 somnium
328 1858 482 1924 uidisse
511 1877 551 1923 se
579 1860 704 1937 dicat,
735 1861 774 1921 et
803 1858 1050 1939 praedixerit
1072 1861 1229 1941 signum

101 1964 221 2043 atque
242 1963 483 2044 portentum,
507 1966 546 2026 et
568 1961 752 2027 euenerit
774 1961 875 2043 quod
900 1962 1070 2026 locutus
1093 1962 1168 2040 est,
1192 1963 1229 2025 st

70 2064 251 2130 edixerit
272 2064 365 2129 tibi:
388 2083 537 2142 eamus,
561 2068 597 2130 et
619 2082 833 2148 sequamur
855 2063 947 2129 deos
963 2065 1228 2146 alienosquos

99 2169 282 2251 ignoras,
312 2167 351 2231 ot
379 2170 601 2233 seruiamus
632 2170 707 2232 eis:
737 2186 810 2232 non
840 2168 979 2233 audies
1005 2166 1124 2232 uerba
1145 2184 1228 2249 pro-

99 2270 243 2352 phetae
272 2272 387 2336 iilius
419 2272 488 2336 aut
520 2272 796 2337 somniatoris:
830 2271 921 2353 quie
954 2271 1129 2353 temptat
1161 2284 1227 2333 nos

100 2372 281 2438 domiuus
302 2378 397 2439 deus
419 2375 567 2453 uester,
590 2377 634 2438 ut
656 2374 876 2458 palamiiat
893 2376 1025 2438 utrum
1042 2373 1227 2455 diligatis

99 2493 183 2541 eum
206 2495 253 2541 an
275 2494 363 2556 non,
386 2479 426 2543 in
449 2478 686 2553 totocorde,
709 2480 746 2541 et
768 2478 806 2541 in
828 2476 1226 2541 totaanimauestrur

72 2580 131 2644 eet
162 2580 197 2643 in
232 2580 398 2664 euangelio
436 2582 664 2665 exsurgent,
702 2580 814 2664 inquit,
851 2579 1155 2663 pseudochristi
1189 2582 1226 2644 et

99 2684 485 2768 pseudoprophetae,
517 2690 557 2749 et
587 2685 736 2749 dabunt
765 2684 879 2767 signe
909 2702 1050 2765 magna
1082 2687 1119 2748 et
1141 2701 1225 2765 pro-

100 2785 222 2870 digia,
245 2787 306 2852 ita
327 2788 370 2851 ut
390 2788 431 2851 iu
453 2805 629 2852 errorem
650 2788 893 2852 inducantur
915 2787 1053 2864 etiam,
1076 2786 1109 2851 si
1132 2786 1227 2851 fieri

100 2890 401 2970 potestelecti.

138 3010 183 3076 II.
213 3009 406 3094 Quapropter
435 3029 608 3093 numquam
640 3012 788 3077 debemus
819 3029 868 3077 eos
898 3013 951 3093 qui
973 3011 1048 3076 heco
1069 3010 1226 3075 adfectant

72 3112 130 3175 sin
152 3112 204 3178 bis
227 3113 401 3179 uirtutibus
425 3115 584 3191 admirari,
607 3116 660 3181 sed
682 3117 787 3199 potius
812 3115 929 3181 intueri
951 3119 1058 3180 utrum
1076 3115 1226 3179 uitiorum

101 3218 237 3281 omnium
261 3217 437 3299 expulsione
459 3220 491 3282 et
512 3236 636 3284 morum
659 3219 876 3284 emendatione
897 3219 1030 3302 perfecti
1053 3218 1124 3294 sint,
1144 3216 1226 3299 quod

100 3319 205 3401 utique
228 3337 289 3384 non
313 3338 368 3401 pro
390 3320 520 3386 ulterius
542 3321 602 3387 fide
625 3323 681 3387 aut
703 3323 884 3388 diuersitate
907 3341 1079 3402 musarum,
1103 3321 1155 3384 sed
1170 3335 1225 3400 pro

200 3539 233 3593 11
252 3540 333 3596 Dcut.
353 3541 393 3607 13,
413 3541 480 3595 1-3
583 3542 618 3596 20
635 3542 685 3597 Mt.
703 3544 745 3608 24,
764 3543 798 3596 24

147 3747 162 3800 1
180 3760 297 3800 munau
315 3745 407 3799 ivre
494 3746 563 3802 sirus
579 3748 609 3798 Π
699 3748 812 3802 tertium
830 3748 859 3800 H
947 3747 1110 3804 denudetur
1128 3749 1156 3799 Σ

98 3833 310 3890 cbueoffienee
325 3830 365 3884 Π1
395 3829 681 3888 obtrectationibus?
769 3833 865 3889 auditu
882 3834 952 3888 ΠΟι
1048 3834 1226 3904 6relegiouir

97 3920 125 3972 Π
221 3919 253 3973 11
271 3917 490 3982 deutheronomio
506 3922 535 3971 Σ
630 3921 662 3975 12
679 3920 775 3989 inquid
793 3921 823 3974 H
827 3921 853 3974 O
937 3922 1005 3990 prof.
1023 3923 1054 3974 Π
1147 3921 1179 3974 13
1197 3935 1227 3974 su

96 4021 197 4076 uidisse
212 4023 240 4073 ‘P
334 4023 368 4076 14
386 4023 491 4077 buerit
507 4025 533 4078 O
630 4024 665 4079 15
682 4011 714 4078 di
730 4024 835 4079 alienus
852 4026 892 4076 11¹
991 4025 1024 4078 16
1041 4023 1109 4093 proi.
1128 4024 1159 4075 Π

97 4107 227 4162 libutus
245 4109 273 4159 2
362 4110 464 4163 temtut
480 4108 542 4163 ΣΟ
635 4111 670 4165 18
685 4110 777 4178 palum
794 4111 855 4180 flat]
872 4111 984 4166 sciatO
1077 4109 1112 4164 20
1129 4109 1226 4179 inquid

96 4193 154 4247 110
250 4193 284 4249 21
303 4194 521 4265 pseudoprofetae
537 4197 568 4248 Π
594 4195 822 4266 reudoprophetee
841 4197 867 4250 0
962 4196 996 4250 22
1013 4211 1100 4252 errore
1115 4196 1156 4248 Πι

97 4281 177 4335 eum
198 4285 267 4335 unte
289 4280 369 4336 alecti
390 4282 491 4337 butes
513 4282 620 4337 Hroe
643 4288 670 4337 ut
690 4283 784 4354 Volet
810 4283 859 4339 scd
881 4283 915 4349 cf.
938 4283 1008 4340 Noc·
1033 4287 1092 4338 test.
1113 4283 1164 4339 Gr·
1182 4280 1225 4338 cd.

101 4364 281 4432 Tiecteedcrf
379 4368 414 4422 24
429 4368 511 4423 motta
527 4367 672 4424 Mmctto
688 4371 721 4425 ie
736 4370 769 4421 Π
869 4369 903 4424 26
921 4368 1111 4425 emundatione
1127 4368 1158 4424 Π
1300 4367 1304 4376 “
