3009 5200
526 457 686 513 Conlatio
709 455 830 522 XXIIII,
848 455 892 510 26.
1210 458 1279 522 707

144 649 290 731 quictem,
330 665 383 730 pro
421 649 611 714 infructuosa
644 650 759 713 saeculi
797 649 888 712 huius
922 646 1105 729 poenalique
1139 648 1273 712 tristitia

144 753 290 817 salutaris
320 752 468 816 tristitiae
497 753 643 828 fructum,
674 769 729 834 pro
752 753 896 817 uanitate
925 753 1066 817 laetitiae
1090 751 1271 833 temporalis

143 855 294 938 spiritalis
318 855 424 939 gaudii
449 855 630 937 adpenderis
647 855 832 929 ubertatem,
857 856 1095 920 retributionem
1111 855 1144 919 in
1159 855 1268 918 horum

144 959 313 1024 affectuum
348 959 590 1023 commutatione
620 959 798 1040 centuplam
828 957 1014 1040 peruidebie.
1054 963 1086 1022 et
1111 958 1139 1022 si
1162 959 1299 1022 unius-'l

121 1061 290 1144 scuiusque
307 1063 379 1126 uitii
395 1061 484 1126 breui
502 1081 538 1126 ac
554 1062 694 1126 lubricae
706 1062 862 1144 uoluptati
874 1064 1102 1126 contrariarum
1113 1063 1270 1126 uirtutum

143 1167 256 1231 merita
290 1167 497 1244 conferantur,
528 1167 673 1248 centuplo
703 1167 779 1231 haec
809 1185 875 1230 esse
905 1167 1033 1231 meliora
1056 1163 1270 1248 multiplicata

142 1269 321 1335 iucunditas
355 1270 547 1352 adprobabit.
586 1271 780 1335 centenarius
803 1271 886 1333 enim
910 1287 1056 1332 numerus
1080 1270 1118 1333 dc
1141 1269 1270 1334 sinistra

143 1373 332 1438 transfertur
365 1373 404 1439 ad
437 1363 605 1448 dexteram,
644 1375 675 1438 et
709 1375 782 1438 licet
819 1373 948 1437 eandem
983 1374 1015 1437 in
1050 1373 1269 1455 supputatione

142 1477 312 1559 digitorum
334 1478 467 1560 figuram
492 1480 597 1542 tenera
620 1477 773 1557 uideatur,
805 1479 935 1541 nimium
959 1481 1065 1540 tamen
1083 1477 1269 1559 quantitatis

107 1581 354 1664 romagnitudine
388 1583 601 1664 supercrescit.
645 1582 699 1646 fiet
733 1582 817 1646 enim
848 1584 885 1645 ut
917 1579 969 1663 qui
1007 1579 1099 1644 haedi
1136 1579 1268 1645 formam

143 1703 247 1768 gerere
264 1685 447 1749 uidebamur
462 1685 494 1749 ln
510 1687 611 1765 laeua,
634 1687 700 1750 ouis
716 1684 867 1750 meritum
883 1683 1028 1749 translati
1043 1702 1268 1766 consequamur

142 1789 180 1852 ad
211 1789 378 1852 dexteram.
418 1807 499 1853 nunc
529 1791 567 1854 ad
597 1789 808 1871 quantitatem
838 1807 946 1852 aarum
975 1807 1090 1866 rerum,
1114 1806 1190 1870 quas
1213 1771 1302 1870 proS'

142 1895 322 1974 contemptu
356 1892 564 1956 mundialium
598 1892 831 1958 commodorum
865 1892 954 1956 nobis
987 1890 1021 1954 in
1054 1891 1112 1956 hoo
1145 1891 1269 1956 saeculo

143 1994 286 2061 Christus
302 1997 449 2070 restituit,
468 2001 670 2073 transeamus,
693 1998 856 2078 praecipue
877 1994 1049 2059 secundum
1070 1995 1268 2078 euangelium

108 2097 239 2165 rsMarci
269 2100 314 2164 ita
344 2099 496 2164 dicentis:
527 2118 636 2164 nemo
664 2100 725 2164 est
747 2099 811 2181 qui
834 2097 1004 2180 reliquit
1025 2098 1175 2162 domum
1199 2105 1268 2164 aut

142 2203 291 2267 iratres
315 2205 382 2268 aut
404 2221 556 2267 sorores
579 2204 646 2268 aut
668 2205 830 2267 matrem
852 2207 919 2267 aut
944 2201 1055 2266 lilios
1071 2206 1269 2285 autagros

142 2307 303 2388 propter
325 2326 381 2371 me
404 2307 908 2392 etproptereuangelium‚
924 2306 1075 2387 quinon
1091 2307 1268 2389 accipiet

142 2409 295 2474 centies
319 2412 471 2474 tantum
494 2411 655 2475 nuncin
679 2412 856 2493 temporo
879 2407 948 2476 hoc
976 2409 1105 2474 domos
1126 2413 1165 2473 et
1194 2413 1268 2474 fra·

142 2520 223 2578 tras
258 2516 296 2578 et
330 2533 484 2579 sorores
519 2517 557 2579 et
590 2520 739 2580 matres
773 2519 811 2579 et
844 2513 958 2578 filios
989 2517 1164 2595 stagras
1186 2533 1268 2578 cum

107 2618 511 2699 mpersecutionibus,
536 2624 573 2685 et
595 2619 634 2683 in
657 2620 795 2683 futuro
818 2619 979 2684 saeculo
1002 2622 1123 2685 uitam
1143 2621 1267 2684 aetar-

142 2742 234 2787 nam
269 2726 447 2807 centuplam
471 2742 605 2807 namque
627 2724 760 2789 fratrum
776 2727 982 2805 parentumue
997 2722 1127 2807 recipiet
1141 2724 1297 2805 quanti-9

73 2897 76 2903 ,
142 2830 248 2905 tatem,
280 2827 410 2909 quisquo
440 2828 539 2908 patus
570 2829 662 2893 unius
693 2828 743 2892 nel
774 2829 885 2892 matris
914 2846 969 2891 sau
992 2826 1052 2891 filii
1073 2845 1127 2909 pro
1150 2826 1267 2892 Christi

141 2930 264 2994 nomine
287 2931 417 2996 caritate
440 2933 619 3015 contempta
642 2934 672 2997 in
696 2936 836 2996 omnium
865 2933 918 3014 qui
941 2930 1063 2996 Ohnsto
1086 2930 1267 2995 deseruiuut

141 3034 341 3099 dilectionem
364 3037 605 3111 sincerissimam
630 3039 753 3113 transit,
770 3054 826 3119 pro
842 3053 902 3100 uno
916 3034 1036 3100 scilicet
1054 3037 1103 3100 tot
1118 3034 1267 3117 incipiens

106 3136 254 3202 rehabere
289 3140 393 3220 patres
426 3140 606 3222 fratresque,
645 3139 834 3204 feruentiore
868 3156 905 3204 ac
942 3139 1169 3221 praestantiore
1206 3138 1267 3203 sibi

141 3240 301 3307 affectione
340 3243 511 3309 deuinctos.
563 3242 779 3325 multiplicata
823 3243 920 3308 etiam
964 3247 1127 3309 domorum
1171 3243 1267 3323 atque

243 3482 276 3535 11
295 3481 327 3535 cl.
346 3480 397 3536 nt.
416 3482 457 3545 25,
476 3483 510 3536 33
615 3483 648 3537 15
667 3480 746 3536 Marc.
767 3481 809 3547 10,
827 3482 931 3535 29-30

191 3705 319 3774 agendii
337 3704 468 3775 spiritalis
488 3704 557 3761 OZu
651 3704 787 3759 eorumO
880 3704 1058 3774 4unicuique
1076 3705 1145 3761 nitio
1163 3704 1199 3760 Ζ1

140 3808 157 3863 5
185 3809 272 3864 breuis
300 3810 327 3863 Ζ
432 3793 564 3863 uolutatis
592 3807 615 3863 O
643 3808 792 3877 uoluptatis
819 3808 845 3862 Z
950 3812 967 3864 6
994 3797 1157 3879 centuplum=
1174 3810 1202 3864 Z

140 3894 204 3951 haec
228 3913 277 3950 orn.
301 3896 329 3949 Z
430 3896 444 3949 'l
470 3895 619 3949 iocunditas
643 3893 699 3950 ΓΖ
799 3895 960 3965 adprobanit
981 3896 1012 3951 F
1111 3898 1128 3951 8
1151 3897 1185 3950 ad
1206 3897 1267 3951 Fr:

140 3984 199 4039 aO
229 3983 258 4036 in
277 3983 322 4037 Zc
409 3983 442 4035 10
460 3981 548 4051 edio
642 3984 671 4037 ll
693 3982 833 4037 meritaO
925 3984 957 4037 13
974 3980 1143 4038 mundalium
1161 3984 1199 4037 ΖΙ

142 4072 173 4123 14
192 4070 364 4124 restituatO
466 4070 500 4124 15
518 4069 651 4138 relinquid
668 4068 698 4123 F
726 4070 884 4139 reliquido
988 4071 1019 4125 17
1036 4074 1145 4139 propter
1161 4078 1222 4138 post
1240 4074 1268 4123 ct

139 4173 188 4210 om.
213 4155 236 4210 Ο
320 4156 435 4224 accipiat
452 4154 516 4208 Zet
534 4154 651 4225 Vulputa
739 4157 771 4209 18
784 4157 877 4209 domus
893 4155 916 4210 0
1002 4158 1037 4209 20
1054 4157 1158 4210 saeculo
1176 4156 1266 4209 futuro

142 4242 210 4298 OZo
223 4246 248 4295 et
264 4240 384 4309 Vulpato
482 4240 514 4294 21
533 4246 727 4311 parentumque
750 4244 774 4296 O
869 4243 903 4296 22
921 4242 1034 4311 quisque
1055 4242 1116 4298 02:
1144 4244 1266 4312 quisquis

139 4329 188 4384 Fo
284 4328 318 4381 23
336 4331 471 4381 contemta
488 4328 519 4381 F
613 4329 647 4381 24
665 4328 778 4381 tranaiIt
795 4327 826 4382 F
920 4330 999 4381 unius
1016 4329 1043 4382 Ζ
1137 4329 1266 4397 incipiens

140 4414 238 4470 habere
255 4412 295 4468 F:
324 4412 463 4467 insaniens
487 4413 556 4469 OZo
658 4414 692 4467 26
710 4414 797 4483 adque
817 4415 840 4470 O

1108 4520 1165 4575 la*
