3009 5200
527 444 690 501 conlatio
713 445 816 510 XVIII,
834 446 911 501 2-5.
1216 448 1280 515 509

157 639 234 703 tnnc
262 634 377 701 etenim
407 636 523 717 poterit
551 635 620 717 quis
650 635 843 703 desideratae
872 636 949 701 artie
971 636 1128 703 efficacius
1150 637 1280 721 adsequi

157 739 353 823 discplinam
383 738 415 805 et
443 738 482 803 ad
511 740 713 805 exercendam
747 757 815 805 sam
849 742 1007 805 ardentius
1039 740 1177 818 incitari,
1210 759 1281 806 cum

159 846 321 911 anctorum
342 860 379 908 ac
401 842 600 908 fundatorum
622 841 689 906 eins
710 842 874 925 agnouerit
894 842 1092 926 dignitatem.
1126 844 1186 908 tria
1209 845 1312 909 santi

158 949 190 1013 in
222 946 364 1031 Aegypto
398 962 512 1030 genere
544 943 773 1022 monachorum,
803 962 935 1028 qnorum
965 948 1025 1012 dno
1054 950 1126 1011 eunt
1153 946 1282 1030 optima,

137 1048 287 1115 stertinm
316 1048 458 1133 tepidum
488 1051 582 1130 etqua
612 1048 798 1114 omnimodis
832 1048 1025 1115 enitendum.
1063 1050 1199 1131 primum
1233 1050 1284 1114 est

159 1151 417 1228 coenobiotarum,
434 1151 487 1234 qui
503 1150 623 1217 scilicet
639 1154 670 1217 in
689 1153 926 1235 congregatione
946 1153 1064 1233 pariter
1079 1152 1283 1218 consistentes

158 1255 249 1321 nnius
286 1254 417 1319 senioris
450 1254 565 1320 indicio
598 1255 827 1339 gubemnntcr:
861 1256 949 1322 caius
978 1254 1099 1337 generis
1131 1255 1283 1319 maximus

158 1376 305 1423 numerus
336 1357 556 1423 mensoborum
579 1376 634 1439 per
656 1358 838 1424 uniuersam
864 1361 1042 1442 Aegyptum
1064 1360 1282 1427 commoratur.

158 1450 326 1527 secundum
363 1460 632 1539 anachoretarum,
670 1462 723 1545 qni
761 1462 847 1544 prins
883 1461 916 1526 in
953 1462 1107 1527 coenobiis
1143 1462 1284 1527 instituti

125 1562 282 1644 sciamque
313 1563 349 1627 in
382 1564 498 1631 actuali
531 1564 764 1630 conuersatione
796 1564 929 1649 perfecti
957 1564 1134 1631 solitudinis
1164 1565 1284 1649 elegere

159 1671 289 1731 secreta:
313 1668 400 1731 cuius
422 1666 622 1748 professionis
645 1684 700 1733 nos
724 1685 846 1751 quoque
861 1669 1006 1751 optamus
1021 1686 1088 1733 esse
1109 1668 1284 1751 participes.

159 1768 289 1833 tertium
311 1768 554 1852 reprehensibile
569 1768 804 1836 Sarabaitarum
822 1773 880 1835 est.
913 1771 951 1835 de
967 1772 1080 1853 quibus
1095 1772 1283 1855 singillatim

159 1872 373 1954 perordinem
396 1872 517 1954 plenius
540 1874 736 1939 disseremus.
771 1873 881 1937 barum
905 1874 1004 1957 igitur
1025 1874 1121 1938 trium
1137 1873 1314 1957 professi-3

159 1992 255 2039 annm
277 1978 313 2039 nt
336 1975 470 2039 diximus
493 1974 675 2041 fundatores
697 1975 835 2058 prImum
857 1976 975 2041 debetis
998 1994 1176 2060 agnoscere.
1210 1996 1283 2045 nam

127 2076 298 2161 „profecto
321 2096 357 2142 er
379 2078 438 2144 hoe
460 2078 527 2161 ipso
549 2081 599 2144 uel
622 2080 727 2145 odium
751 2078 951 2164 professionis
965 2080 1053 2146 illius
1068 2085 1153 2147 nasci
1169 2086 1286 2166 poterit

160 2198 240 2263 quse
270 2181 398 2247 uitanda
431 2186 479 2249 est
512 2182 564 2247 uel
597 2184 663 2248 eins
691 2183 881 2248 desiderium
910 2202 989 2266 quae
1019 2188 1182 2269 sequenda,
1213 2188 1286 2269 qnia

161 2300 285 2349 necasse
313 2286 361 2350 est
390 2302 639 2368 unamquamque
669 2287 755 2350 uiam
785 2286 823 2350 ad
854 2286 945 2351 illum
975 2286 1069 2351 finem
1100 2306 1192 2353 sunm
1213 2308 1286 2372 per·

160 2386 283 2451 trabere
297 2391 493 2468 sectatorem,
511 2390 549 2453 ad
566 2406 658 2471 qnam
673 2394 783 2455 auctor
797 2392 894 2473 ipsius
909 2392 1113 2476 innectorquc
1130 2394 1282 2473 peruenit.

203 2504 241 2571 V.
265 2507 375 2591 Itaque
405 2508 659 2575 coenobiotarum
688 2510 853 2593 disciplina
881 2530 901 2577 a
928 2504 1069 2595 tempore
1098 2512 1285 2596 praedicati·

126 2613 227 2681 roonis
263 2613 450 2695 apostelicae
494 2613 630 2696 sumpsit
673 2616 842 2680 exordium.
892 2634 965 2681 nem
1002 2617 1075 2683 talis
1113 2617 1218 2683 extitit
1253 2619 1285 2682 in

160 2713 383 2800 Hierosolymis
406 2717 507 2783 omnis
530 2717 587 2782 illa
609 2718 805 2783 credentium
826 2719 1006 2798 multitudo,
1035 2721 1165 2803 quaein
1195 2721 1285 2786 Acti·

160 2818 217 2883 bus
254 2821 464 2901 apostolorum
500 2822 547 2885 ita
589 2821 792 2886 describitur:
836 2822 1112 2889 multitudinis
1157 2827 1285 2888 antem

161 2923 516 2988 credentium‘erat
546 2941 610 2988 cor
639 2926 834 2990 stenima
863 2943 953 3000 una,
987 2945 1053 2993 aec
1082 2926 1285 3009 quisquam

162 3042 290 3090 eorum
313 3043 411 3108 qnae
430 3027 665 3108 possidebat
687 3027 845 3110 aliquid
867 3046 976 3092 sunm
999 3027 1284 3106 masticabat,

127 3125 228 3198 asscel
251 3130 370 3194 erant
391 3127 483 3195 illia
514 3131 642 3195 omnia
672 3131 904 3198 communia
941 3131 1218 3213 possessiones
1245 3140 1286 3198 ot

162 3230 413 3298 substantias
445 3232 684 3312 condebant,
718 3237 756 3300 et
785 3233 1018 3300 dicidetant
1041 3253 1084 3299 ea
1105 3234 1286 3300 omnibns

162 3337 279 3415 prout
300 3335 438 3418 cuique
461 3353 554 3417 opus
577 3339 669 3400 erat.
705 3337 883 3401 etiterum:
906 3337 1157 3419 nequeenim
1180 3337 1286 3420 quis·

263 3561 376 3614 annet.
393 3561 419 3626 4,
436 3561 470 3615 32
573 3561 782 3624 totenes
884 3564 916 3617 27
935 3565 953 3618 l.
972 3581 994 3618 c.
1012 3565 1036 3630 4,
1055 3565 1158 3618 34-35

216 3771 382 3828 ldesidcrat
399 3773 430 3828 F
529 3775 661 3830 efficatius
679 3776 735 3832 ΡΒ
837 3778 1005 3846 dquan
1106 3779 1285 3850 laegyptnm

162 3855 201 3912 Ρ
289 3857 392 3914 obtima
412 3859 462 3915 OB
548 3860 668 3930 cadque
686 3861 713 3916 R
798 3862 886 3916 omnis
898 3861 985 3916 modia
1004 3862 1072 3918 1³⁸0
1156 3864 1285 3918 deceno·

164 3941 281 3997 bitarum
300 3943 372 4000 012ι
396 3944 579 4001 coenobiorum
598 3945 631 4000 K
703 3946 886 4002 tenacioris.
903 3946 933 4001 F
1009 3948 1041 4002 10
1058 3947 1156 4016 eligere
1175 3948 1216 4002 K¹

164 4027 197 4082 13
214 4026 377 4084 disseramus
395 4030 435 4085 K¹
539 4031 572 4087 16
589 4033 721 4103 sequenda
738 4037 779 4087 est
796 4031 828 4087 F
925 4033 958 4088 18
976 4035 1128 4102 peruenerit
1148 4034 1219 4091 ORc

165 4112 469 4186 licendistfoapoitss
550 4117 749 4173 coenobitarum
767 4120 796 4176 R
809 4124 878 4186 (coa
893 4119 926 4186 0)
1011 4119 1047 4173 20
1064 4119 1171 4175 exstitit
1189 4121 1222 4174 K

163 4200 194 4254 21
213 4199 403 4271 bisrnaclymia
420 4202 450 4257 F
475 4203 644 4272 gernselimis
662 4204 691 4261 R
719 4204 897 4261 hierosolimis
915 4205 948 4260 K
961 4205 1057 4262 ihrflm
1081 4207 1104 4262 0
1193 4207 1228 4262 22
1245 4207 1285 4262 di-

164 4287 291 4342 scribitur
312 4287 397 4344 ORK
482 4288 516 4344 23
533 4305 578 4344 eor
594 4305 679 4344 annm
696 4289 746 4348 Ro
836 4293 871 4347 24
888 4291 1060 4363 possidebant
1081 4293 1105 4349 O
1130 4295 1286 4362 possedebat

165 4370 233 4427 RK¹
309 4373 457 4442 aliantR¹
532 4374 655 4430 dicebant
666 4375 723 4432 FO
774 4368 832 4433 'nd
845 4382 923 4448 prout
939 4377 1033 4434 ORE:
1051 4380 1134 4434 etiarn
1147 4380 1222 4436 ntF
