3009 5200
488 450 648 508 Conlatio
670 453 758 518 XXII,
778 455 885 508 13-15.
1180 461 1244 528 635

169 640 237 706 XV.
270 659 469 708 eunusuvs:
499 641 593 706 Multi
623 642 705 706 huno
734 643 866 724 apostoli
896 644 999 708 looum
1029 647 1075 710 ita
1100 645 1243 730 intellegi
1344 671 1349 681 ·

127 743 237 808 debere
259 731 422 820 definiunt,
446 749 482 812 ut
505 746 562 810 hoo
584 764 654 810 eum
686 763 747 810 non
770 765 806 811 er
828 765 894 820 sua,
917 747 970 812 sed
993 766 1029 812 eu
1051 749 1243 830 peccantium

125 866 256 942 persons
277 849 389 914 dixisse
412 848 603 929 confirment,
626 867 732 914 eorum
762 850 881 914 soilieet
910 852 962 932 qui
985 851 1124 916 nolentes
1145 854 1244 918 semet

125 949 215 1034 ipsos'
227 971 246 1016 a
260 952 467 1034 corporalibus
483 952 645 1018 inlecebris
660 957 692 1016 et
706 952 923 1034 uoluptatibus
935 955 1088 1018 abstinere
1101 955 1243 1022 obstricti

102 1055 214 1120 euitiis
236 1055 378 1138 pristinis
399 1058 431 1122 et
448 1055 665 1122 oblectatione
697 1056 870 1122 uernalium
892 1058 1069 1138 passionum
1093 1060 1243 1140 eaptiuati

124 1162 225 1224 seruet
254 1160 338 1242 ipsus
368 1158 510 1224 oohibere
540 1178 600 1224 non
629 1163 769 1240 possunt,
793 1161 866 1224 dum
890 1159 1002 1224 inolita
1023 1163 1242 1228 consuetudine

125 1261 276 1327 uitiorum
299 1263 387 1326 uelut
409 1262 513 1328 inmiti
535 1263 665 1346 quadam
690 1263 866 1345 tyrannidis
881 1263 1091 1328 dominatione
1108 1266 1242 1348 depressi

125 1364 165 1428 ad
187 1365 364 1431 libertatem
387 1366 553 1449 pudioitiee
577 1367 728 1448 respirare
744 1385 803 1430 non
820 1369 957 1448 possunt.
994 1367 1144 1449 quomodo
1160 1363 1271 1438 enimi

125 1467 216 1532 besto
246 1469 395 1553 apostolo,
427 1487 517 1551 quern
540 1471 579 1534 nd
602 1487 759 1533 summum
782 1468 977 1550 perfeetionis
1000 1470 1096 1533 totius
1118 1470 1241 1536 eulmen

89 1574 245 1635 noeentum
268 1575 315 1636 est
337 1571 523 1653 peruenisse,
545 1571 625 1635 illud
648 1571 763 1654 poterit
777 1572 941 1637 conuenire
955 1570 1037 1654 quod
1052 1572 1146 1637 dioit:
1170 1591 1240 1637 non

124 1673 226 1738 enim
248 1676 346 1755 quod
369 1673 455 1740 uolo
479 1674 583 1740 isoio
606 1674 760 1756 bonum,
784 1675 849 1739 sed
871 1675 974 1758 quod
997 1675 1059 1739 odi
1082 1675 1240 1754 melum,

123 1775 194 1840 hoe
215 1795 300 1860 ago,
317 1765 396 1844 illud
411 1780 505 1843 etiam
521 1779 601 1860 quod
618 1776 798 1860 subiungit:
811 1777 843 1842 si
860 1779 989 1842 autem
1012 1777 1112 1860 quod
1134 1778 1240 1861 nolo,

122 1877 195 1944 hoe
216 1897 300 1960 ago,
324 1880 400 1946 iam
424 1899 497 1945 non
520 1899 589 1963 ogo
612 1879 1241 1963 operorilludsedquodhabitat

123 1983 162 2066 ip
183 2000 239 2046 ma
261 1987 475 2064 pensatum,
498 2001 553 2050 neo
575 2000 634 2046 non
658 1983 840 2048 etiamhoo:
864 1983 1117 2049 condelector
1139 1984 1240 2048 enim

86 2085 207 2168 relegi
244 2087 305 2152 dei
342 2089 552 2152 seeundum
595 2075 827 2150 interiorem
871 2086 1078 2164 hominem,
1124 2087 1240 2150 uideo

123 2193 252 2253 autem
275 2189 391 2255 aliam
426 2189 546 2271 legem
568 2187 606 2252 in
628 2187 808 2253 membris
838 2190 932 2253 meis
962 2189 1240 2271 repugnantem

123 2289 207 2373 legi
228 2290 373 2356 mentis
396 2309 501 2356 meae
524 2295 561 2356 et
586 2291 787 2375 captiuum
811 2291 1240 2372 meduoenteminlege

122 2395 274 2474 peceati
298 2395 396 2476 quod
419 2397 474 2459 est
497 2395 534 2457 in
561 2395 744 2459 membris
768 2395 940 2458 maistin
963 2378 1021 2476 quo
1044 2393 1269 2475 igiturhaeu3

121 2513 267 2590 personae
290 2501 418 2577 possunt
442 2497 570 2578 apostoli
595 2497 757 2579 coaptari?
787 2498 860 2579 quid
889 2497 970 2560 enim
994 2497 1042 2560 est
1063 2497 1135 2560 boni
1158 2499 1239 2578 quod

84 2597 178 2669 soille
206 2618 265 2665 non
296 2602 434 2682 potuerit
462 2602 589 2683 inplere,
620 2603 650 2664 et
672 2620 688 2663 e
712 2601 864 2665 contrario
895 2598 967 2682 quid
991 2597 1072 2664 illud
1094 2586 1141 2663 est
1164 2602 1239 2663 mali

122 2701 203 2783 quod
225 2705 330 2768 nolens
352 2710 384 2768 et
406 2702 511 2769 odiens
526 2704 632 2769 tamen
647 2708 776 2785 cogente
793 2707 904 2768 natura
918 2703 1036 2768 inuitus
1053 2703 1237 2768 admiserit?

121 2804 159 2869 ad
191 2822 283 2887 quam
311 2824 384 2871 uero
415 2807 531 2889 pensati
562 2807 662 2890 legem
685 2806 845 2871 electionis
870 2825 934 2877 uas,
962 2808 993 2869 in
1016 2824 1075 2887 quo
1098 2805 1238 2870 Christus

121 2907 265 2974 dominus
288 2909 480 2991 loquebatur,
505 2911 607 2991 potuit
628 2909 769 2992 captiuus
791 2907 924 2973 abduci?
947 2908 1000 2990 qui
1022 2927 1092 2972 oum
1115 2926 1238 2972 omnem

120 3009 382 3075 inoboedientiam
418 3012 449 3075 et
486 3028 631 3075 ornnem
668 3010 929 3076 extollentem
968 3030 1006 3075 se
1045 3011 1239 3076 aduersus

82 3110 231 3185 „deum
255 3112 511 3179 altitudinem
543 3114 738 3195 eaptiuesset
763 3114 800 3177 de
822 3114 921 3177 semet
943 3113 1008 3194 ipsu
1031 3131 1102 3178 oum
1124 3114 1238 3179 fidueia

120 3214 349 3296 proclamabat:
372 3216 510 3281 bonum
532 3217 870 3297 agonemoertaui,
895 3234 1049 3281 sursum
1065 3235 1238 3281 eonsum-

120 3318 241 3400 maui,
275 3317 392 3383 fidem
426 3319 597 3383 seruaui:
629 3320 672 3383 de
702 3321 831 3384 cetero
861 3319 1036 3399 reposita
1066 3321 1124 3383 est
1145 3318 1239 3384 mihi

119 3420 308 3488 iustitiae
342 3440 497 3496 aurona,
536 3441 646 3504 quam
684 3423 824 3487 reddet
858 3422 956 3487 mihi
989 3424 1166 3486 dominus
1201 3424 1238 3488 in

78 3536 87 3553 ·
119 3525 194 3590 ills
216 3526 293 3603 die,
317 3525 449 3591 iustus
471 3525 595 3590 iudex.

222 3704 390 3759 101.c.19
494 3703 525 3756 12
549 3702 659 3756 teto
763 3701 999 3756 141.0.22-23
1101 3702 1136 3755 22
1155 3701 1188 3757 oi.
1207 3702 1237 3756 11

117 3790 274 3854 cor.1t‚3
376 3790 410 3843 24
428 3790 458 3844 11
475 3788 534 3845 Cor.
554 3789 629 3852 10,15
731 3788 766 3841 26
784 3787 812 3842 11
830 3786 899 3840 uim.
917 3788 942 3850 4,
961 3788 1028 3841 7-8

170 3953 239 4008 det
261 3952 353 4010 BFO=
381 3969 410 4007 ao
431 3954 468 4023 βυ
569 3954 760 4023 5paseionum
783 3952 929 4027 carnalium
953 3950 1018 4021 Oflr
1119 3950 1238 4006 sentite

117 4038 178 4094 BF
259 4040 416 4107 tlepostulo
433 4040 471 4094 ΒΙ
561 4041 664 4095 llodii
683 4038 772 4094 B¹FO
857 4039 890 4092 12
907 4038 1045 4092 subiunxit
1065 4038 1168 4093 oron.

117 4125 150 4179 14
167 4124 329 4179 eondileetor
345 4124 387 4179 K*
486 4124 518 4179 lb
535 4125 593 4193 lege
615 4124 650 4179 B¹
750 4126 782 4178 17
800 4123 970 4178 deducentem
988 4123 1017 4177 F
1117 4124 1149 4178 18
1166 4123 1241 4193 quod

116 4208 211 4264 BFO:
238 4224 305 4277 quae
321 4210 361 4279 βυ
383 4210 417 4271 of.
436 4210 554 4271 XXIII.
568 4214 641 4277 13‚4
736 4211 769 4265 19
786 4211 947 4279 apostolieae
964 4210 1003 4279 βυ
1097 4210 1132 4264 20
1148 4209 1237 4279 potuit

117 4296 145 4350 B
238 4296 350 4365 quodO
444 4296 478 4350 24
495 4298 677 4353 aduersumO
771 4298 806 4351 25
822 4298 961 4351 dominum
979 4296 1031 4352 FO
1124 4297 1158 4351 26
1177 4312 1236 4365 pro-

116 4380 217 4436 olamat
234 4382 264 4436 F
363 4382 397 4437 18
414 4398 508 4437 corona
524 4383 646 4437 iustitiae
664 4383 720 4440 BF
736 4390 803 4448 (non
823 4385 873 4441 Or,
