3009 5200
261 406 324 476 694
651 404 817 460 Iohannis
835 405 995 460 Cassiani

261 596 360 678 eius,
382 615 436 679 per
459 596 676 662 rationabilem
697 596 806 680 procul
827 595 922 663 dnbio
936 595 1106 678 adimtum,
1122 615 1215 679 quem
1232 596 1382 663 letalibus

261 704 403 783 apertum
438 705 526 766 norat
561 699 691 783 insidiis,
725 701 852 782 laqueos
885 699 1077 783 deceptionis
1109 701 1256 781 intendit.
1300 701 1384 783 quod

261 805 356 878 etiam
387 805 424 868 de
457 804 581 868 domino
611 802 716 868 nostro
745 803 829 868 idem
857 803 988 885 spiritus
1014 802 1159 886 opinatus
1182 821 1254 868 cum
1276 803 1308 866 in
1331 802 1382 868 bis

261 926 332 972 eum
361 907 461 973 tribus
493 906 615 972 animae
643 906 829 989 temptasset
859 905 1045 988 adfectibus,
1079 906 1112 972 iu
1143 906 1257 989 quibus
1292 924 1384 972 omne

262 1011 423 1076 hominum
446 1027 542 1093 genua
563 1013 692 1074 nouerat
715 1009 879 1092 captiuari,
903 1009 982 1075 nihil
1004 1014 1072 1075 tam
1093 1011 1229 1075 uersutis
1251 1012 1383 1093 profecit
1406 1026 1420 1066 ⁵

230 1111 391 1182 dissidiis.
424 1131 496 1178 nam
513 1111 782 1192 concupiscibilem
799 1111 916 1177 mentis
932 1111 1001 1176 eius
1017 1112 1182 1194 adgressus
1196 1118 1243 1176 est
1259 1117 1382 1194 partem

260 1215 382 1282 dicens:
417 1215 480 1280 dic
509 1216 551 1280 ut
580 1215 736 1296 lapides
770 1214 839 1280 isti
869 1233 988 1298 panes
1021 1216 1142 1295 fiant,
1176 1216 1381 1294 irascibilem,

260 1338 331 1382 curn
369 1337 439 1387 eum
472 1319 511 1384 ad
548 1318 746 1402 expetendam
780 1320 954 1402 praesentis
986 1319 1103 1384 saeculi
1135 1321 1322 1402 potestatem
1350 1318 1382 1384 ot

260 1421 486 1503 ragnemundi
510 1420 601 1486 huius
631 1422 784 1504 instigare
814 1424 943 1486 conatus
969 1423 1026 1498 est,
1056 1421 1286 1505 rationabilem,
1309 1440 1382 1488 oum

210 1590 214 1598 ,
259 1525 321 1590 ait:
354 1525 387 1588 si
421 1524 535 1591 iilius
562 1523 622 1590 dei
657 1543 711 1598 es,
745 1525 862 1590 mitte
895 1529 932 1589 te
966 1525 1153 1590 deorsum.
1202 1526 1236 1591 in
1269 1527 1417 1611 quibusro

259 1625 374 1692 idcirco
406 1626 489 1693 nihil
519 1627 586 1694 eius
609 1627 741 1710 profecit
763 1628 889 1710 inlusio,
913 1628 986 1711 quia
1008 1629 1089 1694 nihil
1111 1630 1283 1694 secundum
1306 1647 1381 1694 con·

258 1732 410 1796 iacturam
432 1749 532 1814 snam,
555 1750 649 1813 quam
671 1730 749 1798 falsa
772 1731 950 1814 opinatione
976 1735 1166 1815 conceperat,
1189 1731 1326 1817 repperit
1348 1733 1382 1797 in

258 1851 293 1898 eo
330 1851 396 1898 esse
430 1834 586 1900 uitiatum.
621 1835 702 1900 unde
732 1838 765 1902 et
793 1836 880 1900 nulla
907 1853 982 1916 pars
1012 1837 1135 1901 animae
1163 1839 1230 1901 eius
1262 1836 1381 1902 inimici

258 1935 380 2002 insidiis
414 1937 610 2021 adtemptata
642 1938 808 2004 consensit
849 1957 938 2004 ecoe
971 1941 1089 2014 enim,
1123 1941 1236 2023 inquit,
1270 1940 1382 2004 uenit

257 2039 442 2121 princeps
463 2039 581 2106 buius
603 2042 753 2121 mundi,
777 2040 879 2105 etin
901 2060 957 2106 me
979 2040 1415 2111 noninuenietnihil.rs

300 2159 420 2227 XVIII.
452 2178 650 2229 cnnnruvs:
688 2163 777 2228 Inter
814 2159 916 2228 cetera
952 2163 1142 2227 inlusionum
1178 2180 1380 2243 errorumque

257 2266 433 2329 nostrornm
464 2282 588 2347 genera,
618 2283 696 2348 quae
725 2283 779 2330 nos
809 2267 848 2330 ad
879 2265 1068 2330 desiderium
1098 2265 1218 2347 patriae
1245 2269 1378 2343 nostrae,

258 2367 341 2430 sicut
372 2366 533 2434 beatitudo
563 2371 619 2434 tua
650 2368 771 2434 sollerti
801 2370 917 2435 mentis
946 2369 1105 2454 perspexit
1136 2369 1265 2443 intuitu,
1296 2385 1379 2433 uana

257 2469 447 2551 spiritalium
478 2473 708 2537 commodorum
739 2472 971 2556 pollicitatione
1002 2472 1249 2548 flammauerant,
1281 2471 1378 2536 etiam

257 2572 331 2638 haee
364 2575 413 2639 nel
445 2574 581 2641 maxima
613 2574 718 2640 extitit
752 2593 854 2656 causa,
884 2577 967 2659 quod
997 2575 1154 2641 interdum
1183 2594 1204 2640 a
1229 2573 1410 2641 iratribus„

255 2677 445 2759 frequentati
467 2678 534 2762 iugi
563 2682 679 2744 secreto
710 2698 747 2744 ac
768 2678 917 2745 diutmno
945 2678 1072 2744 silentio
1102 2682 1270 2743 secuudum
1294 2677 1376 2743 desi·

256 2780 375 2845 derium
411 2784 552 2847 nostrum
586 2800 781 2865 nequaquam
811 2801 974 2865 possumus
1004 2783 1171 2848 inhaerere.
1208 2802 1263 2865 per
1296 2782 1375 2863 quod

255 2900 378 2948 necesse
408 2886 455 2948 eet
484 2902 610 2951 cursum
639 2890 734 2969 atque
765 2904 940 2951 mensuram
967 2886 1140 2951 cotidianae
1169 2884 1375 2951 continentiae

255 2989 387 3065 nostrae,
411 3006 504 3069 quam
527 3008 581 3072 pro
608 2988 813 3071 castigatione
841 2990 977 3072 corporis
999 2987 1208 3071 indisruptam
1229 2988 1375 3070 perpetuo

256 3089 398 3173 cupimus
422 3092 587 3170 retentare,
609 3092 766 3157 nonnullis
788 3090 940 3157 iratribus
962 3092 1253 3174 superuenientibus
1276 3090 1408 3156 inter-u

356 3308 519 3377 lilaea
622 3312 764 3367 lones
867 3312 1091 3379 1410b.1l,80

306 3515 318 3568 l
341 3514 476 3570 adlectum
499 3515 555 3569 K'z
586 3515 630 3570 adl.
651 3516 709 3571 rell.
812 3516 974 3587 tlaqneum
995 3516 1062 3588 Ode
1164 3517 1329 3585 deceptionis
1345 3533 1375 3571 sc

252 3599 347 3654 mortis
373 3600 413 3669 pio
526 3602 654 3672 intendit]
683 3600 808 3657 Intendat
837 3603 860 3657 0
893 3604 1029 3657 incurrens
1054 3603 1073 3672 β
1098 3604 1133 3658 de
1149 3602 1324 3671 aequemus
1339 3602 1373 3668 cf.

251 3684 376 3760 Prolepp.
478 3687 627 3758 aqnno
729 3686 918 3743 acalauius
942 3688 984 3742 Κε
1013 3688 1058 3745 aff.
1084 3690 1142 3744 relt
1194 3701 1200 3715 ·
1244 3688 1374 3742 dumea

253 3771 299 3826 Oa
410 3772 517 3841 proficit
544 3772 627 3829 ΒΨ
741 3774 759 3827 6
784 3776 901 3826 mentm
927 3771 966 3825 Β·
1081 3774 1096 3828 l
1123 3772 1249 3842 lapidilss
1276 3771 1310 3825 K

249 3855 413 3925 8qunm0
497 3857 612 3913 thuias
630 3855 768 3914 mundio
853 3858 886 3910 11
904 3857 1011 3927 prolicit
1028 3856 1110 3913 ΒῑΚι
1199 3858 1234 3911 ia
1249 3856 1374 3927 opinione

251 3940 292 3995 11¹
322 3940 418 3995 daleam
437 3942 588 4011 opinionem
607 3942 630 3998 0
732 3942 766 3996 13
783 3958 841 3997 esse
857 3943 987 3999 uitiatum
1002 3946 1031 3997 in
1050 3940 1125 3998 eoB
1228 3943 1262 3997 14
1278 3940 1374 4012 inquid

250 4023 356 4081 B¹K¹Z
454 4029 486 4084 lb
503 4028 597 4082 mnndi
614 4028 696 4083 buius
713 4027 808 4098 FOda
824 4034 850 4082 ct
871 4028 951 4099 Valp.
1048 4046 1101 4084 uon
1118 4044 1187 4083 erae.
1203 4030 1238 4083 ise
1254 4028 1296 4083 K:
1321 4044 1371 4083 osa.

250 4112 329 4168 ΒΘΖ
429 4114 535 4167 inuenit
557 4113 611 4169 ΒΟ
713 4115 746 4168 16
768 4113 864 4169 xvlll
888 4132 938 4171 orsa
960 4115 993 4170 K
1091 4114 1126 4169 20
1147 4112 1254 4169 exstitit
1275 4113 1305 4168 Β

249 4198 329 4267 quod]
353 4198 424 4268 ntfi
525 4199 558 4253 21
586 4198 681 4253 diurno
706 4198 766 4297 ΒΕ
864 4201 899 4255 23
925 4200 1011 4271 adque
1031 4201 1071 4255 Βι
1171 4198 1306 4269 cottidi

250 4336 284 4390 24
301 4338 407 4390 nostrae
424 4352 474 4391 om.
494 4336 560 4406 ope
662 4334 696 4391 25
713 4286 839 4392 {effigi
856 4337 883 4392 Β
910 4338 1040 4393 intercedi
1058 4337 1092 4394 0Ι
