3009 5200
274 424 337 491 170
664 420 830 477 Iohannis
847 416 1008 474 Cascisni

273 616 355 681 suis
376 632 450 680 nou
473 615 568 679 sunt
588 610 757 689 reuersi,
788 614 821 678 et
841 612 971 678 iterum:
997 605 1239 693 percussisti
1262 622 1339 689 eos,
1362 604 1405 671 et

273 736 351 783 non
373 718 598 784 doluerunt:
621 714 838 783 adtriuisti
860 731 940 796 cos,
970 717 1010 779 et
1031 712 1279 777 rennuerunt
1301 707 1402 775 ccci.-

273 840 366 905 pore
387 818 661 903 disciplinam:
694 817 992 885 induraueruut
1019 814 1144 883 facies
1171 829 1263 879 suas
1285 829 1406 893 super

245 919 444 1007 lpetraru,
478 921 696 988 noluerunt
731 921 890 987 reuerti.
935 938 1010 1005 erga
1041 935 1175 1004 quorum
1206 914 1408 983 curationem

275 1045 398 1093 omnem
420 1023 568 1109 temporis
589 1024 682 1091 istius
705 1024 896 1091 medicinam
916 1023 1025 1089 uidens
1050 1022 1201 1107 propheta
1222 1020 1255 1088 iu
1278 1034 1408 1083 cassum
1434 1037 1451 1078 ⁵

274 1128 373 1195 fuisse
388 1132 612 1213 onsumptam,
628 1128 794 1211 desperans
808 1126 1035 1212 quodammodo
1049 1127 1111 1193 iam
1128 1126 1167 1191 de
1180 1140 1288 1191 eorum
1299 1120 1408 1188 salute

273 1234 464 1318 proclamat:
487 1232 636 1300 defecit
657 1232 937 1299 sufflatorium
957 1232 998 1297 iu
1019 1231 1127 1314 igue,
1143 1227 1298 1295 frustra
1319 1241 1407 1290 con-

277 1336 402 1403 flauit
434 1337 656 1405 conflator:
685 1336 869 1403 malitiae
898 1334 1000 1402 euim
1027 1334 1186 1400 nestrae
1212 1347 1283 1396 nou
1310 1328 1409 1395 sunt

277 1443 544 1523 consumptae.
580 1441 789 1526 argentum
811 1438 1021 1521 reprobum
1044 1439 1182 1501 uocate
1205 1450 1287 1509 eos,
1309 1430 1410 1514 quia

277 1542 456 1608 dominus
478 1542 655 1626 proiecit
677 1560 752 1609 eos.
788 1541 869 1609 hanc
890 1540 1062 1607 salutarem
1083 1538 1168 1624 ignis
1185 1536 1410 1621 purgationem
1421 1558 1456 1598 re

278 1647 360 1711 eirca
381 1662 432 1711 eos
454 1646 508 1729 qui
529 1646 707 1729 praedurati
728 1649 803 1713 snut
824 1644 991 1711 sceleribus
1011 1644 1078 1709 suis
1101 1639 1238 1707 insuitur
1251 1657 1286 1704 se
1302 1637 1410 1703 dom-

278 1764 338 1813 nus
371 1746 548 1815 adhibuisse
579 1748 638 1815 sub
670 1766 799 1832 pomona
829 1746 1028 1814 Hierusalem
1054 1744 1218 1811 concretae
1251 1738 1411 1824 profunda

278 1847 420 1935 robigine
456 1853 654 1933 peecatorum
689 1851 736 1917 ite
764 1850 964 1934 conqueritur
990 1868 1106 1933 poue,
1137 1847 1291 1931 inquom,
1320 1861 1411 1911 eom

279 1970 395 2037 super
426 1970 568 2035 prunas
600 1971 773 2031 uacuum,
806 1955 850 2019 ut
877 1953 1115 2031 incalescat,
1147 1951 1187 2016 st
1213 1945 1410 2032 liquefiat

279 2074 345 2121 ces
366 2056 464 2121 eius:
488 2057 527 2122 et
548 2057 747 2125 confletur
762 2057 944 2123 inmedio
959 2052 1456 2139 siusiuquinameutumre

280 2158 374 2225 eius.
411 2161 532 2227 multo
560 2162 699 2228 laboro
726 2161 909 2227 sudatum
939 2164 1013 2241 ost,
1042 2161 1080 2226 ct
1107 2153 1336 2224 uon-eriuit
1355 2152 1411 2219 de

282 2279 325 2327 ea
350 2262 475 2328 nimiu
502 2263 639 2348 robigo
662 2264 765 2342 eius,
790 2282 918 2347 neque
939 2264 1173 2347 perignem.
1211 2255 1412 2325 inmundi·

281 2367 339 2430 tia
359 2366 427 2431 tua
455 2366 713 2434 execrabilis:
735 2368 829 2450 quic
850 2365 1037 2432 mundare
1057 2366 1097 2431 te
1119 2363 1249 2441 uolui,
1272 2361 1311 2427 ot
1331 2378 1410 2425 non

252 2476 320 2543 ges
341 2467 527 2536 mundata
548 2488 568 2535 c
590 2468 776 2537 sordibus
799 2472 890 2537 tuis
928 2467 1132 2552 quomobrem
1145 2469 1184 2533 ut
1197 2464 1410 2550 peritissimus

282 2569 423 2638 medicus
456 2571 595 2656 expensis
622 2572 768 2642 omuibus
797 2572 989 2640 solutoribus
1017 2572 1101 2645 curis
1129 2588 1187 2637 uec
1213 2570 1314 2635 ullum
1342 2569 1459 2635 ianm

281 2674 413 2741 remedii
440 2694 537 2760 genus
569 2676 650 2760 quod
677 2677 855 2744 infirmitati
882 2695 989 2744 corum
1016 2675 1113 2758 possit
1133 2674 1234 2760 aptari
1262 2674 1412 2738 domiuus

282 2796 440 2862 superesse
472 2778 662 2862 conspiciens
695 2780 921 2862 quodammodo
953 2777 1158 2862 iniquitatum
1190 2775 1412 2860 magnitudine

283 2883 458 2965 sumuntur,
481 2898 519 2947 ac
541 2881 697 2948 discolore
718 2882 757 2948 ab
779 2882 837 2948 illo
859 2883 1007 2948 clementi
1028 2898 1087 2946 sua
1107 2879 1312 2964 conligatione
1333 2893 1412 2942 cou-

284 2983 413 3067 pellitur
433 2985 540 3068 ituque
562 2985 590 3050 oi
612 2984 778 3050 denuntiet
799 2985 922 3051 dicens:
948 2985 1025 3051 iarn
1047 3001 1122 3050 nou
1141 2983 1290 3049 irsaccr
1311 2978 1411 3062 tibi,

284 3091 321 3154 st
348 3087 453 3154 zelus
478 3106 579 3154 meus
601 3089 776 3156 recessit
798 3106 817 3153 c
839 3089 886 3155 te.
924 3088 963 3154 de
987 3086 1059 3154 aliis
1081 3102 1165 3171 uoto,
1193 3103 1325 3169 quorum
1345 3101 1461 3148 nonae

284 3189 484 3273 praedurant
505 3207 556 3256 cor
579 3190 754 3273 nocentia
780 3192 982 3274 pedorum
1004 3209 1060 3258 noo
1080 3189 1138 3256 ille
1159 3187 1357 3254 seuerissima
1376 3189 1414 3250 et

287 3395 434 3460 salutaris
463 3393 553 3461 uerbi
581 3395 699 3463 sufficit
720 3399 760 3463 ad
781 3395 926 3474 salutem,
954 3394 1082 3462 dicitur:
1115 3393 1325 3460 emendato
1346 3409 1414 3458 eos

391 3620 642 3691 1Hisrem.6,3
745 3621 902 3679 iflierem.
929 3623 955 3690 6,
981 3621 1086 3678 29-110
1188 3622 1223 3676 13
1247 3619 1342 3675 Erech.
1367 3618 1416 3686 24,

287 3706 391 3763 11-13
492 3707 527 3763 24
543 3706 637 3763 Erech.
657 3707 751 3773 16,42
852 3707 1013 3776 1801117,
1032 3708 1066 3763 12
1083 3707 1178 3776 (Lxx)

339 3889 903 3992 conuerwcn²w''ceeparet⁷
1001 3921 1248 3992 fpstrurnetO
1349 3881 1418 3989 crgo

293 4006 330 4062 W
418 4005 729 4064 domnomoeeD¹W
818 4007 1032 4065 tendatur]
1120 4005 1343 4064 8oondaturV¹

289 4093 324 4147 10
348 4107 393 4148 eos
419 4091 497 4148 VX':
526 4093 588 4148 illoc
610 4091 770 4172 DWOX²c
792 4098 819 4151 ct
840 4092 919 4165 Vulp-
1023 4093 1056 4149 13
1082 4093 1206 4163 robigine
1230 4092 1285 4148 D¹c
1323 4092 1420 4162 rutig.

288 4179 347 4234 rell.
451 4178 618 4249 wuqutritur
643 4177 715 4234 D¹X
817 4194 900 4249 posue
928 4179 977 4236 W*
1081 4181 1114 4234 14
1140 4179 1280 4234 incsdscat
1309 4176 1345 4232 V¹

290 4265 323 4318 16
348 4267 376 4319 et
401 4279 472 4320 oco.
497 4265 529 4318 tc
553 4263 583 4319 D
709 4264 750 4320 cri
764 4301 996 4320 ..............
1010 4263 1074 4335 bigo
1105 4264 1131 4321 V
1257 4265 1289 4319 l'l
1316 4264 1419 4335 rubigo

288 4349 365 4406 codd.
453 4348 487 4404 18
503 4348 630 4406 assent.
645 4350 685 4419 JV
770 4349 805 4405 26
821 4349 1002 4422 pdnnuitD¹
1087 4351 1122 4406 2⁷
1134 4351 1294 4408 medicinam
1311 4351 1345 4408 W
