3009 5200
468 432 628 487 Conlatio
646 430 705 499 XX,
723 432 799 486 8-9.
1135 435 1199 501 565

71 626 236 692 deleuerit.
276 625 331 708 qni
359 642 431 691 cum
450 622 594 708 religIosi
615 627 744 689 conatus
768 623 916 705 obsequia
937 623 1073 707 supplici
1096 629 1199 690 mente
1239 698 1240 703 ,

68 750 89 794 a
110 730 205 795 nobis
227 729 332 795 oblata
352 728 551 811 perspexerit,
574 725 701 811 exiguos
723 743 897 819 paruosque
916 729 1043 791 conatus
1059 727 1200 793 inmensa

67 832 262 898 liberalitate
293 830 491 914 prosequitur
523 829 644 895 ltcens:
678 847 747 913 ego
782 846 881 905 sum,
916 846 984 911 ego
1017 848 1101 896 sum
1133 831 1199 912 qui

66 933 184 1000 deleo
216 934 462 1017 iniquitates
491 936 580 999 tuas
602 936 765 1016 propter
785 938 857 1011 me,
887 933 926 997 et
947 935 1198 1016 peccatorum

45 1039 227 1103 etuorum
262 1036 338 1102 iam
374 1055 448 1102 non
484 1035 736 1102 recordabor.
781 1035 821 1101 ud
857 1035 939 1101 hunc
975 1036 1073 1120 igitur
1106 1032 1251 1119 quem10

66 1140 282 1227 praediximus
303 1140 423 1205 statum
444 1140 574 1222 quisque
595 1138 800 1221 contenderit,
823 1138 1046 1204 satisfactionis
1061 1139 1198 1223 gratiam

67 1242 234 1309 cotidIanis
248 1242 373 1309 ieiuniis
388 1245 419 1307 et
435 1240 672 1307 mortificatione
691 1241 794 1307 cordis
809 1246 840 1305 et
855 1240 990 1326 corporis
1002 1242 1197 1325 adsequetur,

66 1348 152 1430 quia,
186 1347 269 1413 sicut
291 1346 445 1429 scriptum
468 1351 526 1424 ost,
554 1346 638 1409 sine
660 1344 873 1429 sanguinis
901 1344 1102 1411 effusione
1123 1364 1198 1410 nen

67 1451 118 1515 fit
155 1452 352 1516 remissio.
399 1467 457 1515 nec
499 1447 655 1513 inmerito.
706 1464 795 1512 caro
840 1446 923 1512 enim
960 1452 1000 1512 et
1036 1449 1197 1532 sanguis

36 1570 231 1637 uoregnum
260 1552 326 1618 dei
354 1552 560 1635 possidere
587 1567 661 1616 non
688 1553 868 1631 possunt.
907 1554 939 1614 et
965 1551 1033 1617 ideo
1055 1551 1195 1634 quisquis

68 1657 106 1722 ab
128 1657 225 1721 huius
246 1656 407 1737 sanguinis
430 1654 578 1719 effusione
600 1654 777 1737 gladium
800 1654 990 1737 spiritus,
1018 1657 1115 1737 quod
1138 1660 1197 1720 est

66 1759 232 1823 uerbum
255 1757 333 1837 dei,
355 1755 490 1823 noluerit
511 1755 663 1837 inhibere,
686 1756 802 1840 ubsque
824 1754 919 1821 dubio
941 1756 998 1822 illa
1019 1757 1197 1823 Hieremiae

67 1861 286 1926 maledictione
315 1860 487 1944 plectetur:
511 1877 585 1924 nam
607 1859 862 1943 maledictus,
891 1859 1004 1944 inquit,
1027 1862 1090 1943 qui
1112 1878 1196 1943 pro-

67 1963 180 2029 hibet
216 1964 394 2046 gladium
437 1982 550 2029 snum
585 1982 604 2029 a
639 1962 840 2047 sanguine.
889 1962 942 2028 hic
977 1982 1112 2047 namque
1149 1961 1245 2030 estll

35 2067 204 2149 agladius,
231 2068 285 2150 qni
311 2066 403 2131 illum
431 2067 558 2132 noxium
584 2065 770 2149 sangninem
797 2084 857 2150 qno
880 2066 1038 2131 animatur
1060 2067 1196 2133 materia

68 2170 268 2250 pennatorum
291 2168 459 2235 salubriter
480 2167 623 2249 fundens,
646 2169 797 2252 quidquid
815 2169 985 2252 reppererit
999 2168 1032 2233 in
1048 2169 1196 2235 membrIs

68 2272 192 2339 animae
227 2273 351 2338 nostrae
387 2273 511 2337 carnale
547 2274 746 2338 terrenumne
786 2273 971 2349 concretum,
1010 2276 1130 2339 resecat
1163 2278 1195 2339 st

68 2377 203 2442 abscidit
230 2393 268 2441 ac
295 2376 499 2441 mortificatos
527 2376 615 2441 uitiis
637 2377 744 2441 uiuere
766 2376 823 2441 deo
846 2380 877 2441 et
899 2376 1095 2459 spiritalibus
1117 2376 1194 2443 facit

67 2479 174 2559 uigere
197 2479 382 2545 uirtutibus.
417 2482 449 2544 st
471 2480 518 2545 ita
538 2479 604 2545 ium
621 2497 682 2545 uon
704 2478 914 2546 recordatione
928 2482 1042 2546 ueterIs
1057 2481 1193 2565 admissi,

36 2582 120 2646 seed
143 2600 201 2668 spe
223 2580 402 2648 futurorum
421 2582 495 2649 llere
519 2582 650 2666 incipiet
671 2582 868 2666 gaudiorum,
891 2602 947 2650 nec
969 2584 1036 2650 tam
1051 2586 1088 2651 de
1103 2602 1193 2668 prae-

69 2684 172 2750 teritis
195 2686 287 2752 malis
309 2705 403 2768 quam
419 2686 457 2753 de
479 2686 620 2752 uenturis
642 2687 782 2771 cogitans
804 2686 894 2752 bonis
917 2706 978 2752 nen
1001 2707 1037 2752 ex
1051 2692 1193 2771 peccato·

69 2805 137 2854 rum
159 2807 300 2856 maerere
320 2790 600 2868 morimonianus
614 2794 759 2856 aeternae
775 2790 861 2856 illius
877 2791 1018 2856 laetitias
1033 2791 1193 2856 alacritate

69 2893 247 2972 profundet,
269 2894 364 2976 atque
386 2893 629 2960 obliuiscens
655 2912 696 2959 eu
717 2912 814 2977 quus
836 2895 1062 2978 posteriora
1083 2901 1192 2978 sunt,

69 2994 98 3057 id
121 2998 171 3062 est
193 2995 333 3062 carnalia
351 2997 439 3076 uitia,
462 2999 507 3062 ad
529 3013 571 3062 ea
591 3014 689 3080 qnae
710 2999 750 3062 in
773 3002 864 3064 ants
885 2999 977 3063 sunt
998 2997 1193 3074 extendetur,

37 3095 127 3162 ahoe
148 3099 199 3164 sst
219 3099 375 3180 spiritalia
396 3100 478 3165 dona
498 3103 592 3182 atque
613 3100 757 3167 uirtutes

110 3200 220 3267 VIIII.
243 3199 389 3267 (letarum
411 3203 492 3284 qnod
502 3203 596 3286 poulo
611 3206 685 3268 ante
702 3201 810 3268 dixisti
827 3207 860 3268 to
873 3203 968 3268 etiam
986 3205 1024 3268 ds
1039 3202 1194 3268 industria

68 3305 306 3384 praeteritorum
350 3308 547 3388 peccatorum
587 3307 772 3372 memorium
810 3307 989 3386 retractura,
1028 3306 1087 3373 hoo
1127 3304 1192 3372 fieri

167 3489 413 3556 annutans
514 3490 751 3559 succussa
853 3491 1125 3560 aldosinto

70 3570 100 3624 11
117 3572 186 3644 Epis.
204 3576 230 3643 6,
249 3575 280 3630 11
385 3575 419 3631 13
435 3575 552 3632 Hieram.
570 3576 614 3643 48,
634 3577 668 3632 10
769 3577 804 3632 23
821 3576 892 3632 Phil.
910 3575 936 3642 3,
956 3577 989 3632 la

118 3745 132 3797 l
156 3743 215 3815 qul]
232 3746 277 3800 cul
299 3745 342 3800 F·
444 3745 569 3816 ralegiosi
587 3745 656 3801 BK¹
760 3747 877 3816 subplici
893 3745 936 3802 K¹
964 3747 1082 3817 suppiles
1100 3746 1127 3800 Z

67 3825 84 3878 2
100 3831 263 3899 prospexerit
280 3831 304 3887 0
392 3831 554 3886 dlibertate
572 3830 596 3888 0
686 3833 783 3902 apost
799 3832 961 3888 recordabor
977 3833 1010 3888 s'n
1026 3833 1086 3888 BF
1099 3836 1192 3902 cop&

68 3910 172 3983 tulpia,
194 3916 226 3970 o·
250 3915 274 3972 0
294 3931 398 3972 marc
420 3923 472 3973 ess:
500 3918 615 3973 aldem
637 3915 709 3973 vm
730 3917 847 3974 Meam
953 3933 1017 3988 ergo
1045 3918 1124 3988 0²do

68 3995 281 4056 dwnscsnderit
299 4002 366 4073 Ode
462 3999 689 4073 'ladsequIturd
786 4004 820 4059 12
837 4001 980 4059 iheremias
998 4003 1022 4061 0
1049 4003 1192 4060 hieremiae

68 4083 208 4153 prophetae
223 4087 299 4157 d(n):
319 4089 352 4142 ia
370 4086 394 4144 0
410 4093 450 4151 eet
467 4075 554 4158 priate
571 4106 593 4145 a
610 4091 629 4144 1.
647 4107 667 4146 c
683 4107 717 4146 aa.
735 4095 756 4147 2
843 4091 876 4146 le
892 4090 988 4160 inquid
1004 4091 1124 4148 Poma

70 4166 100 4219 15
122 4173 244 4227 nexium·
266 4171 297 4226 F
397 4175 557 4243 sanguiuem
575 4175 684 4230 nemum
701 4175 729 4230 B
832 4177 865 4230 16
886 4176 1014 4246 quicquid
1031 4175 1123 4233 BOK'

69 4251 101 4387 {l
116 4258 220 4312 animae
236 4261 344 4316 neamus
360 4257 456 4317 BFO=
484 4262 587 4316 uostris
603 4262 643 4332 βυ
746 4263 781 4318 21
798 4263 861 4334 uon]
879 4277 927 4319 nse
944 4261 972 4319 Β
1074 4263 1108 4319 23
1129 4279 1191 4334 pro·

81 4339 157 4397 uadit
175 4343 194 4413 β
