3009 5200
512 447 671 502 Conlatio
694 447 827 514 11‚4-s.
1181 448 1231 512 45

98 651 150 716 pro
183 634 401 702 anniuersaria
430 635 641 701 sollemnitate
669 635 701 699 in
727 634 858 700 eeclesia
879 636 1042 700 retentatis
1064 635 1148 699 solus
1171 652 1231 699 nou

98 741 225 818 poterat
249 738 424 822 adgregari,
448 756 486 803 ne
508 738 828 820 quantulumcumque
848 739 1043 820 perceptione
1065 737 1232 820 leguminis

99 841 190 920 parui
214 859 235 904 a
258 859 315 907 suo
337 841 497 906 uideretur
518 841 674 924 proposito
703 841 864 906 relaxasse.
902 859 963 922 qua
984 841 1231 922 praesumptione

102 943 250 1024 deceptus
281 944 427 1028 angelum
457 943 588 1010 &tanae
616 946 705 1010 uelut
732 945 879 1026 angelum
907 945 986 1008 lucis
1016 962 1087 1008 cum
1109 961 1232 1008 summa

85 1049 302 1110 sumeretione
345 1048 518 1129 suscipiens
562 1050 686 1130 eiusque
727 1047 898 1129 praeceptis
934 1063 1027 1128 prono
1066 1045 1231 1110 oboediens

102 1149 263 1214 famulatu
285 1150 507 1232 semetipsum
531 1149 563 1215 iu
586 1154 725 1233 puteum,
752 1151 840 1215 cuins
860 1149 1106 1233 profunditatem
1126 1147 1232 1213 oculo-

103 1271 171 1315 rum
194 1270 262 1316 non
284 1252 424 1335 adtingit
444 1253 588 1334 intuitos,
610 1254 812 1335 praeeipitem
834 1251 929 1334 dedit,
946 1253 982 1316 de
999 1252 1102 1332 augeli
1117 1249 1231 1314 uideli-

103 1358 151 1419 cet
174 1356 226 1420 sui
250 1356 413 1437 sponsione
434 1373 495 1420 non
518 1356 671 1432 dubitans,
695 1356 748 1436 qui
772 1374 844 1419 sum
865 1373 921 1438 pro
943 1355 1054 1419 merito
1076 1353 1232 1417 uirtutum

104 1475 137 1521 uc
170 1457 318 1522 laborum
355 1476 480 1522 suorum
518 1476 709 1540 nequaquam
741 1475 833 1541 posse
865 1457 1045 1522 firmauerat
1078 1456 1137 1521 ulli
1169 1457 1233 1521 iam

77 1559 283 1625 odbcrimini
315 1561 482 1627 subiacere.
523 1562 609 1626 cuius
643 1561 688 1626 rei
722 1561 813 1626 fidem
846 1564 883 1625 ut
917 1561 1126 1644 experimento
1157 1554 1262 1624 suae4

104 1663 269 1745 sospitatis
292 1663 524 1728 euidentissime
546 1663 760 1745 conprobaret,
776 1681 870 1745 supra
884 1661 967 1727 dieto
981 1681 1016 1727 se
1030 1666 1124 1746 puteo
1141 1661 1232 1727 nocte

106 1765 299 1847 intempesta
320 1766 438 1830 inlusus
459 1766 577 1850 iniecit,
600 1783 749 1848 magnum
772 1765 893 1830 scilieet
907 1767 1034 1830 uirtutis
1050 1783 1123 1831 suae
1138 1765 1232 1829 meri·

106 1871 175 1930 tum
197 1849 397 1950 probaturus,
420 1885 492 1934 cnm
514 1869 586 1934 inde
608 1869 720 1934 exisset
743 1869 886 1932 inlaesus.
920 1868 958 1932 de
974 1886 1034 1950 quo
1050 1886 1122 1932 cum
1136 1884 1233 1948 paene

106 1969 171 2032 iam
193 1970 359 2053 exsanguis
380 1969 499 2051 ingenti
521 1969 654 2034 fratrum
683 1970 787 2034 labore
812 1969 924 2034 fuisset
944 1971 1110 2046 extractus,
1131 1970 1231 2034 uitam

80 2071 155 2140 adio
182 2072 281 2137 tertia
308 2072 462 2150 finituma,
497 2073 577 2154 qnod
606 2073 655 2136 his
681 2072 817 2138 deterius
839 2075 897 2151 est,
919 2071 966 2136 ita
987 2075 1020 2135 in
1042 2072 1231 2153 deceptionis

109 2191 180 2236 suas
215 2173 424 2239 obstinatione
457 2175 637 2257 permansit,
671 2178 707 2238 ut
740 2175 770 2240 ei
799 2193 837 2239 ne
865 2174 1075 2256 experimento
1108 2173 1232 2256 quidem

109 2277 219 2340 mortis
242 2294 315 2342 suae
337 2277 472 2357 potuerit
495 2277 682 2358 persuaderi,
706 2278 789 2358 quod
810 2276 921 2342 fuisset
941 2277 1127 2342 daemonum
1141 2274 1232 2341 calli·

110 2378 207 2444 ditate
228 2378 365 2446 delusus.
403 2379 601 2460 quomobrem
629 2397 684 2460 pro
715 2377 835 2444 mentis
856 2379 998 2445 laborum
1020 2382 1179 2444 tantorum
1201 2379 1261 2446 etb

110 2497 261 2546 annorum
283 2482 505 2550 numerositate
528 2501 588 2565 qua
607 2483 640 2548 in
656 2484 779 2548 heremo
802 2481 982 2564 perdurauit
996 2482 1055 2548 hoc
1076 2482 1231 2547 miserati·

81 2604 166 2651 aene
199 2589 233 2651 et
269 2587 466 2655 humanitate
498 2608 622 2655 summa
652 2591 692 2655 ab
719 2588 769 2655 his
799 2589 852 2670 qui
879 2587 945 2652 eius
978 2583 1231 2668 conpatiebantur

112 2689 200 2754 exitio
225 2690 279 2755 uir
301 2709 321 2755 a
342 2691 519 2775 presbytero
541 2691 653 2759 abbate
672 2692 818 2759 Pal'uutio
840 2688 943 2773 potuit
959 2687 1102 2770 obtineri,
1119 2691 1231 2751 utnon

111 2789 191 2856 inter
215 2792 412 2859 biothanatos
433 2794 594 2875 reputatus
622 2794 720 2859 etiam
746 2792 897 2859 memoria
921 2795 954 2855 et
975 2790 1133 2855 oblatione
1153 2808 1232 2871 pau·

110 2896 247 2959 santium
271 2894 461 2961 iudicaretur
482 2896 637 2978 indiguus.

150 3013 207 3079 VI.
236 3012 319 3093 Quid
348 3016 449 3081 dicam
477 3015 513 3081 de
541 3015 607 3080 illis
635 3014 755 3079 duobus
783 3013 942 3088 fratribus,
970 3012 1025 3095 qui
1055 3031 1126 3077 cum
1147 3011 1234 3075 ultra

81 3113 199 3183 ellum
213 3116 376 3181 heremum
391 3116 576 3195 Thebaidos,
591 3116 645 3182 ubi
661 3117 817 3198 quondam
829 3116 933 3180 fuerat
944 3119 1052 3181 beatus
1064 3115 1232 3196 Antonius,

112 3216 301 3301 habitarent,
324 3220 427 3285 minus
449 3222 541 3286 osum
564 3221 749 3286 discretione
768 3219 903 3300 permoti
925 3220 1034 3284 euntes
1055 3236 1109 3300 per
1125 3220 1230 3281 erten-

108 3320 175 3383 tanr
197 3321 379 3386 solitudinis
402 3324 582 3387 uastitatem
598 3323 719 3387 unllam
735 3338 835 3385 escam
848 3321 972 3402 penitus
987 3338 1109 3385 sumere
1124 3320 1230 3384 deone·

112 3428 234 3501 uerunt,
260 3426 322 3489 nisi
344 3442 436 3507 quam
459 3442 514 3506 per
536 3428 636 3489 semet
658 3427 762 3506 ipsum
776 3423 841 3487 illis
855 3423 998 3487 dominus
1014 3419 1229 3503 praestitisset.

112 3540 245 3607 cumque
273 3530 410 3591 errantes
443 3544 492 3592 eos
518 3546 572 3611 per
599 3530 721 3593 deserta
749 3527 783 3591 et
809 3525 988 3591 deficientes
1016 3524 1079 3588 iam
1108 3522 1191 3587 fame
1212 3526 1262 3591 a2

83 3627 201 3710 solonge
216 3626 349 3693 Mazices
365 3630 593 3713 conspexissent
609 3629 700 3712 (qnae
714 3646 791 3711 gens
807 3628 928 3692 cunctis
943 3644 1038 3710 paene
1052 3624 1229 3690 nationibus

114 3729 187 3794 ieris
209 3732 365 3796 inmanior
386 3735 478 3815 atque
501 3732 654 3798 crudelior
677 3733 741 3797 est:
759 3729 916 3794 nonenim
932 3745 981 3793 eos
997 3729 1036 3794 ed
1052 3726 1232 3792 effusionem

214 3884 232 3936 4
253 3884 288 3940 cf.
305 3884 335 3939 11
353 3883 412 3939 Cor.
430 3886 470 3950 11,
490 3885 523 3939 l4

166 4018 400 4088 lsollempuitate
419 4020 457 4075 W
545 4020 793 4091 2quantulumque
809 4019 851 4073 D¹
945 4016 976 4072 15
994 4016 1046 4087 uie]
1065 4016 1107 4070 dei
1124 4016 1166 4069 D¹

117 4104 147 4158 l'l
164 4104 263 4173 poterit
280 4104 311 4159 D
413 4106 554 4161 demonum
571 4106 631 4161 DX
737 4106 769 4159 18
792 4104 955 4175 quauobrem
977 4103 1019 4156 1)ι
1122 4101 1154 4154 19
1179 4102 1233 4169 qua

118 4188 156 4241 D¹
241 4190 344 4245 herimo
361 4190 391 4244 D
481 4190 516 4246 20
533 4191 701 4246 humanitate
723 4190 822 4247 WXr:
854 4188 1010 4243 humilitate
1028 4187 1078 4242 Dc
1162 4200 1233 4240 oom-

118 4275 399 4345 patiebanturcaqui
417 4276 667 4347 compatiebantur
688 4277 726 4334 W
827 4277 859 4330 21
883 4274 994 4344 presbit.
1017 4272 1080 4326 DX
1107 4270 1233 4341 praesbit.

123 4360 159 4415 W
254 4362 289 4416 30
305 4378 372 4431 pene
395 4361 461 4417 WX
561 4364 593 4418 31
613 4364 698 4431 adque
721 4361 760 4416 W
