3009 5200
462 431 624 487 Conlatio
646 430 733 495 XVII.
752 430 863 487 26-18.
1159 432 1224 498 491

99 640 156 689 one
194 626 242 687 eei
280 621 502 687 transeundum
540 636 618 701 quae
654 620 890 701 superueniente
927 619 1047 685 saniore
1084 621 1224 685 tractatu

100 726 209 791 iustior
232 725 327 791 fuerit
348 725 493 791 iudicata.
527 722 641 787 rectius
663 722 747 789 enim
763 726 811 787 est
826 726 968 787 nostrum
983 740 1039 789 uos
1055 724 1223 805 praeterire

99 848 273 895 sermonem
308 848 401 911 quam
439 826 483 893 rei
520 826 703 893 salubrioris
738 846 775 893 ac
812 826 884 908 pise
918 825 1021 894 sobbe
1057 825 1223 893 iacturam.

101 932 233 1015 denique
263 949 433 1015 numquam
463 930 666 997 rationabiles
690 947 727 995 ac
749 932 892 1013 probatos
922 934 1024 1011 potres
1053 932 1147 997 duros
1168 930 1224 998 aut

75 1033 324 1101 sinreuocabiles
346 1035 378 1099 iu
402 1033 579 1099 huiusmodi
610 1032 842 1097 delinitionibus
865 1032 961 1098 fuisse
982 1033 1222 1107 reminisciuruu

98 1136 153 1201 sed
175 1136 262 1201 uelut
284 1155 386 1203 cerani
409 1136 520 1219 calore,
544 1136 590 1201 ita
612 1155 663 1201 eos
677 1137 796 1201 ratione
811 1135 951 1202 mollitos
965 1136 998 1201 et
1011 1135 1223 1202 intercedente

97 1238 270 1305 salubriore
285 1240 412 1307 consilio
428 1237 610 1305 melioribus
626 1239 770 1321 partibus
783 1238 851 1306 siue
864 1238 1071 1307 haesitatione
1081 1242 1223 1306 cessisse.

97 1360 308 1426 quoscumque
343 1345 450 1411 autam
486 1344 625 1411 uidimus
661 1344 891 1413 definitionibus
924 1345 988 1411 sule
1021 1344 1222 1426 pertinaciter

98 1446 266 1525 inhaerere,
303 1446 539 1514 inrationabiles
575 1466 696 1531 semper
725 1449 924 1531 possumus
957 1464 993 1514 sc
1025 1446 1222 1515 secretionis

65 1551 248 1632 inexpertes.

141 1668 274 1735 XXVII.
304 1686 504 1736 annusve:
535 1668 695 1748 Quantum
726 1670 766 1734 ai
796 1670 878 1735 banc
907 1668 1042 1752 pertinet
1069 1668 1224 1733 rabonem

98 1790 177 1855 quae
199 1772 363 1838 euidenter
384 1774 566 1855 copiosoque
589 1774 711 1856 digesta
726 1774 783 1850 est,
806 1772 885 1838 nibil
900 1773 1021 1855 oportet
1036 1772 1224 1837 monachum

99 1874 236 1950 delinire,
277 1894 317 1940 ue
350 1878 405 1941 aut
441 1876 669 1959 praeuaricator
701 1876 882 1941 inueniatur
915 1879 969 1939 aut
1002 1874 1154 1957 pertinax.
1191 1878 1224 1939 st

99 1978 154 2042 ubi
176 1977 256 2042 illud
278 1978 466 2044 Psalmistos
487 1996 638 2061 ponemus
662 1977 834 2059 eloquium:
857 1978 1009 2059 iuraui,
1032 1982 1072 2043 at
1092 1980 1224 2044 statui

67 2080 301 2148 uscustodire
324 2082 475 2147 iudicia
496 2082 688 2147 iustitiae
717 2082 831 2146 tuae?
860 2083 933 2163 quid
962 2084 1012 2145 est
1033 2083 1115 2145 euim
1138 2080 1224 2146 aliud

99 2184 203 2250 iurare
225 2186 258 2250 et
278 2188 417 2250 statuere
439 2202 533 2268 quam
555 2184 685 2251 delinita
707 2183 901 2249 inmobilitor
930 2184 1106 2249 custodire?

141 2302 290 2371 XXVIII.
312 2320 450 2371 nosusn:
481 2304 548 2371 lios
575 2322 636 2369 uon
659 2304 696 2369 de
718 2303 942 2386 principalibus
963 2302 1130 2385 mandatis,
1154 2304 1222 2366 siue

100 2408 213 2489 quibus
235 2424 295 2471 uon
316 2410 419 2489 potest
440 2411 547 2472 nostra
569 2407 653 2472 salus
668 2404 795 2471 omuino
810 2404 991 2483 subsistere,
1005 2406 1066 2471 ista
1080 2406 1222 2471 decerui-

100 2527 180 2587 mus,
204 2510 258 2573 sed
281 2508 317 2574 ds
340 2510 388 2575 bis
411 2528 489 2592 quae
510 2508 576 2574 siue
606 2508 742 2591 periculo
764 2510 869 2575 statuo
891 2510 989 2573 nostri
1011 2507 1062 2572 uel
1085 2508 1222 2573 relaxare

66 2629 264 2697 opossumus
286 2615 336 2678 uel
358 2619 481 2680 tenere:
510 2615 644 2694 utputa
666 2612 703 2676 de
726 2612 889 2678 inremisso
918 2615 1019 2695 rigore
1039 2611 1161 2692 ieiunii,
1184 2612 1223 2677 de

100 2715 165 2782 uiul
201 2716 267 2781 sius
304 2717 364 2782 olei
401 2719 549 2802 perpetua
586 2717 787 2795 abstinentia,
824 2713 862 2780 de
895 2733 1057 2800 progresso
1091 2715 1224 2780 cellulae

101 2818 225 2901 penitus
256 2819 433 2904 cohibendo,
467 2821 505 2884 do
535 2820 676 2884 lectionis
710 2835 765 2883 seu
799 2817 1012 2884 meditationis
1043 2817 1223 2884 incessabili

100 2921 243 3006 iugitate,
276 2939 352 3006 quae
382 2924 449 2987 siue
471 2923 591 2987 iactura
617 2919 818 3002 professionis
841 2941 877 2986 ac
900 2921 1048 3004 propositi
1071 2924 1169 2986 nostri
1190 2925 1223 2986 et

100 3025 233 3090 exerceri
248 3043 318 3090 curu
333 3023 460 3089 libuerit
474 3029 603 3108 possunt
616 3028 731 3089 etcum
747 3042 870 3090 necesse
887 3024 981 3090 luerit
996 3023 1223 3107 inreprehensi-

67 3127 208 3194 ssbiliter
230 3127 449 3210 praetermitti.
484 3131 622 3193 ceterum
638 3145 732 3209 snper
748 3126 949 3192 obseruantia
970 3127 1096 3192 illorum
1111 3127 1253 3211 princi-2

100 3229 219 3312 palium
253 3231 471 3296 mandatorum
504 3231 755 3314 constantissime
790 3229 995 3296 deliniendum
1028 3235 1077 3296 est
1106 3249 1143 3295 ac
1168 3250 1224 3314 pro

101 3333 149 3398 bis
180 3336 273 3399 etiem
306 3352 399 3415 mors,
429 3333 456 3399 si
485 3351 607 3401 uacasse
638 3331 743 3411 luerit,
774 3352 835 3399 uon
865 3334 1004 3412 uitanda,
1034 3353 1089 3417 pro
1110 3334 1224 3416 quibua

102 3437 293 3502 inmobilitsr
309 3439 356 3502 est
372 3431 550 3502 dicendum}
567 3435 698 3502 iuraui
721 3440 759 3500 et
781 3437 918 3504 statui.
952 3436 1033 3520 quod
1048 3436 1115 3502 tisri
1130 3438 1223 3503 debet

101 3557 155 3621 pro
187 3540 327 3606 custodia
356 3539 507 3618 caritatis,
536 3556 590 3622 pro
621 3557 682 3621 qua
712 3543 882 3622 spernenda
911 3543 984 3605 suut
1006 3539 1159 3621 uniuersa,
1183 3559 1222 3604 ue

206 3743 237 3796 14
256 3741 300 3796 Pa.
321 3741 377 3806 118,
398 3743 447 3796 106
550 3743 584 3798 28
603 3741 621 3795 l.
640 3759 661 3796 c.

152 3933 166 3986 1
197 3933 346 3986 ssuioreO
447 3933 543 4002 baut]
570 3947 600 3986 ac
623 3935 648 3984 ‘I'
749 3932 1022 3989 bhuiuacsurodiO
1068 3925 1072 3931 ’
1123 3933 1223 3989 bosra

102 4018 157 4071 ῬΟ
244 4017 283 4087 st]
300 4021 328 4071 st
345 4020 376 4071 ut
395 4021 423 4070 Σ
506 4017 681 4088 liprobarnus
699 4020 727 4073 Σ
752 4018 923 4088 probabInnua
940 4021 966 4074 0
1052 4018 1085 4074 10
1101 4022 1222 4087 expertos

103 4105 135 4154 Τ·
236 4103 266 4157 11
285 4103 329 4172 ad]
348 4103 378 4158 iu
395 4106 420 4156 Τ
519 4104 552 4158 14
568 4104 693 4174 ponimus
711 4107 737 4158 Τ
838 4105 869 4158 l‘l
887 4105 1110 4175 principabilibua
1127 4106 1155 4156 Σ

104 4185 133 4240 19
151 4187 195 4242 uel
214 4188 339 4257 relaxaro]
358 4189 402 4242 uel
420 4189 555 4244 retrahere
573 4192 611 4241 φ’
628 4190 725 4244 ieros
817 4190 853 4244 20
869 4194 965 4260 utputa
983 4193 1008 4244 Y
1090 4191 1123 4248 21
1141 4191 1223 4249 sebas

102 4273 177 4327 YOr
273 4273 525 4344 btsmcericum]
543 4275 588 4331 bic
606 4274 707 4332 deicit
726 4278 751 4328 Τ
841 4278 946 4346 pomini
964 4279 992 4328 Σ
1083 4277 1223 4337 abeber-

102 4359 265 4414 bautiamO

149 4461 229 4518 ΧῙῙΙΙ
265 4479 325 4522 cm.
340 4483 359 4522 e.
1086 4465 1120 4521 32
