3009 5200
551 385 711 442 Coniutio
731 385 770 442 11.

638 1098 683 1181 n.

119 1299 400 1398 ooNLAnlo
442 1301 678 1399 nononis
717 1301 887 1400 morsi
927 1301 1189 1401 ssovdon.

475 1523 530 1589 on
560 1521 847 1591 orscsuurosn.

539 1759 786 1846 OAPITVLA.

80 1955 90 1994 ε
210 1931 239 1995 Ι.
264 1930 464 1997 Prooemium
487 1931 609 1997 ubbetis
629 1931 731 2018 Moysi
766 1951 859 2016 snper
891 1934 1083 2002 discretionis
1111 1935 1220 2020 gretie.

195 2033 243 2098 11.
268 2032 349 2114 Quid
378 2033 526 2100 discretio
553 2035 619 2100 sole
646 2036 788 2101 conferet
814 2037 966 2102 mesecho
993 2041 1025 2102 et
1053 2037 1221 2120 disputatio

267 2154 359 2217 snper
381 2136 438 2202 hoc
459 2136 544 2201 besti
565 2136 704 2205 Antonii.

179 2237 244 2304 III.
268 2238 314 2302 De
340 2255 443 2303 errore
469 2237 571 2304 Saulis
593 2239 764 2322 strichet,
792 2258 852 2321 quo
877 2258 932 2322 per
954 2239 1153 2306 discretionis
1173 2241 1221 2306 in·

266 2341 413 2424 peritiam
436 2346 510 2407 sunt
531 2342 662 2425 decepti.

69 2473 93 2512 o
163 2441 243 2508 IIIL
267 2441 352 2523 Quae
382 2445 420 2508 de
447 2445 526 2509 bono
549 2445 745 2509 discretionis
769 2445 802 2508 in
822 2445 984 2527 scriptrrIs
1004 2449 1119 2512 senctie
1141 2445 1221 2511 refe-

268 2548 386 2610 rantur.

204 2648 245 2711 V.
268 2650 315 2714 De
337 2652 437 2713 morto
458 2648 589 2713 Heresis
612 2651 703 2715 senis.

186 2750 244 2817 VI.
268 2750 315 2815 De
339 2752 428 2815 ruine
448 2751 579 2815 duorum
602 2750 735 2816 fratrum
753 2750 793 2816 ob
816 2750 1011 2817 discretionis
1032 2752 1222 2835 inperitiam.

170 2852 244 2917 VII.
267 2854 314 2917 De
335 2852 467 2917 ulterius
489 2852 640 2919 inlusione
655 2872 748 2935 quem
763 2873 819 2935 per
833 2853 1013 2938 inperitinm
1027 2854 1222 2921 discretionis

69 2982 91 3021 s
269 2954 408 3019 incurrit.

152 3056 244 3121 VIII.
267 3058 315 3122 De
336 3057 426 3139 lopsu
448 3059 481 3123 et
502 3056 681 3141 deceptione
703 3058 845 3125 monenti
868 3058 1120 3140 Mesopotsmm.

137 3158 245 3225 vnn.
269 3160 477 3242 interrogetio
498 3161 537 3224 de
559 3160 747 3242 aoqmreude
768 3178 843 3226 uere
864 3160 1059 3225 discredere.

205 3260 245 3325 Χ,
270 3260 451 3343 Responsio,
477 3263 736 3344 quenedmooum
758 3263 952 3345 possidentur
973 3280 1047 3326 uere
1067 3260 1221 3327 discretio.

188 3362 246 3427 XI.
271 3361 375 3428 Verbe
395 3365 515 3431 obbatis
537 3363 714 3448 Sarapionis
729 3365 762 3429 et
782 3364 820 3428 de
841 3380 979 3429 morcore
998 3362 1220 3446 patefacterum

69 3492 93 3530 ι
272 3466 492 3548 cogitationum
516 3470 547 3531 et
569 3466 606 3531 dc
628 3466 766 3552 periculo
788 3468 926 3548 propriso
948 3464 1163 3531 confidentius.

173 3566 251 3635 XII.
273 3567 432 3635 Confessio
458 3570 662 3635 uerecundiee
688 3570 727 3635 ob
748 3586 843 3650 quem
864 3566 1119 3635 confunderemur
1140 3566 1224 3650 cogi·

270 3670 404 3736 tutiores
425 3672 545 3735 nostres
567 3670 739 3737 senioribus
761 3670 908 3735 reuolue.

151 3956 343 4011 dProemium
360 3954 423 4011 DX
522 3954 592 4010 moui
609 3954 650 4010 D¹
749 3957 836 4025 super]
855 3954 887 4010 de
904 3956 937 4009 x
1037 3953 1226 4009 ddiecretioni

100 4056 142 4111 X¹
241 4060 349 4113 'ibeeti
365 4059 430 4113 Dr:
447 4057 552 4112 sbbetis
570 4058 602 4112 X
693 4058 726 4113 12
744 4056 866 4129 Heronis]
882 4058 995 4112 heremis
1014 4057 1104 4125 (remis
1120 4058 1153 4111 ier
1169 4073 1225 4113 ros.

99 4182 184 4245 12)
207 4179 238 4235 D
343 4179 376 4233 16
400 4178 473 4248 lepeo
495 4178 525 4232 D
629 4178 660 4232 19
682 4143 822 4264 ωηρίοέἰε
846 4179 939 4246 (prise
956 4194 973 4232 e
989 4182 1087 4233 mutat·
1106 4177 1137 4232 irc
1154 4181 1179 4246 e)
1195 4176 1225 4234 D

101 4282 250 4351 serapionis
265 4282 298 4339 X
402 4280 696 4335 susurrationum
