3009 5200
444 442 601 499 (leniatis
624 442 658 512 X,
676 444 786 501 11-14.
1112 449 1175 515 307

61 647 154 711 omna
186 630 300 699 iudioio
327 634 359 697 et
391 632 619 701 examinatione
651 633 751 714 linha,
784 633 928 717 palpator
960 638 1176 703 tantummodo

61 734 252 815 spiritalium
274 752 420 801 sensuum
440 754 476 804 ae
489 739 680 819 degustator,
694 755 757 805 non
772 738 938 822 generator
952 756 1009 805 neo
1023 756 1177 821 possessor

61 836 197 903 effeetus.
232 840 325 922 atquo
346 838 394 905 iia
412 858 503 905 mens
523 840 650 907 mobilis
678 858 799 925 semper
820 858 856 907 ao
878 859 960 925 uaga
981 840 1013 907 in
1036 841 1206 924 temperet

59 956 179 1024 quoqne
205 958 354 1025 synaxeos
380 943 469 1009 uelut
495 942 581 1009 ebria
609 960 666 1025 per
693 944 817 1009 diuersa
837 941 1030 1019 distahitur,
1053 944 1175 1009 nullum

42 1042 197 1110 ruffinum
218 1045 417 1128 conpetenter
438 1045 609 1113 exsoluere.
647 1044 736 1113 uerbi
764 1044 869 1131 gratia
895 1063 966 1113 oum
991 1047 1069 1131 orat,
1091 1046 1175 1128 psal·

58 1165 145 1211 nrnm
166 1150 224 1213 aut
245 1147 382 1231 adquam
402 1147 512 1215 reoolit
532 1148 707 1215 leeuioeem.
741 1166 813 1215 euru
828 1150 983 1229 daoantat,
998 1148 1085 1215 alind
1100 1150 1175 1231 quid

58 1249 229 1317 meditatur
249 1268 343 1333 quam
366 1253 469 1317 tantm
490 1252 591 1334 ipatus
613 1251 753 1319 eontinet
767 1251 890 1336 psalmi.
924 1270 996 1319 enm
1009 1251 1175 1317 leetu'onem

58 1352 179 1437 recitat,
200 1354 378 1421 faciendum
397 1354 517 1438 adquid
537 1354 641 1423 uoluit
654 1356 814 1422 laommne
828 1354 1049 1423 reminiscitur.
1081 1358 1175 1437 atque

58 1459 87 1521 in
114 1456 200 1525 huno
226 1456 355 1525 modum
382 1457 463 1525 nilnil
484 1458 679 1541 diaeipliuate
703 1477 761 1525 nee
782 1462 931 1542 oportune
951 1456 1103 1539 resipiens
1123 1458 1193 1523 uel,

31 1557 221 1625 adimittens
248 1560 337 1625 uelut
364 1560 501 1626 fortuitis
529 1564 580 1645 agi
610 1560 735 1627 uidetur
756 1560 941 1645 inoursibus,
964 1560 1117 1627 retinendi
1139 1578 1176 1625 aa

59 1663 170 1745 quibus
197 1662 374 1731 deleotatur
400 1664 453 1731 uel
480 1663 656 1733 inmutandi
682 1664 728 1731 eia
755 1682 816 1733 non
837 1664 955 1737 halans
976 1664 1174 1745 potestatam.

57 1766 266 1833 neeessarinm
288 1785 360 1852 ergo
381 1767 470 1835 uobis
492 1770 540 1835 eat
559 1786 633 1851 prae
654 1768 798 1837 omnibns
812 1784 902 1835 nosse
915 1765 1205 1851 quemadmodumd

57 1868 131 1935 laee
157 1868 317 1953 spiritalia
343 1874 543 1953 conpetenter
569 1872 692 1955 explere
717 1871 873 1955 possimus
895 1869 1001 1942 offiota
1022 1869 1073 1937 nel
1094 1869 1177 1937 uerte

57 1972 138 2037 lune
158 1972 294 2039 eundem
314 1972 514 2057 nereionlnm,
537 1993 629 2058 quem
651 1974 741 2046 nobis
756 1974 824 2042 uiee
838 1974 992 2044 termulae
1005 1970 1175 2049 tradidisti,

33 2074 249 2143 ninmobiliter
271 2076 435 2155 eustodire,
458 2082 495 2141 nt
516 2078 657 2143 omnium
678 2095 827 2147 sensuum
848 2080 934 2145 ortus
957 2095 995 2145 ao
1016 2076 1095 2143 dues
1114 2092 1195 2142 non.

59 2176 170 2243 mana
189 2176 391 2246 uolubililato
411 2177 575 2254 fluctuent,
594 2180 649 2245 aad
669 2180 705 2246 in
726 2184 831 2249 nostro
853 2180 973 2250 dicione
993 2178 1173 2251 consistant

96 2280 206 2348 XIIII.
239 2297 356 2349 roano:
391 2281 483 2349 Lieet
512 2284 634 2366 pridem
665 2302 760 2367 super
792 2283 849 2351 hae
876 2302 910 2353 re
940 2280 1175 2365 disputantibus

59 2384 144 2451 nobis
177 2383 217 2450 de
245 2383 394 2454 orationis
422 2386 518 2465 statu,
545 2387 697 2469 qnantum
725 2404 804 2467 reor,
833 2388 877 2455 sit
902 2385 1093 2458 solidentur
1123 2402 1175 2449 ex·

60 2504 208 2566 pressum,
241 2491 348 2553 tamen
375 2489 448 2571 quia
475 2488 567 2555 uobis
594 2489 671 2558 liaeo
696 2490 805 2557 eedem
834 2488 961 2574 pasoitis
990 2487 1110 2565 itereri,
1136 2488 1175 2556 de

35 2588 294 2661 eeonfirmatione
314 2590 415 2658 eordis
436 2588 576 2660 breuiter
596 2591 760 2662 intimabo.
797 2592 862 2668 trin
881 2595 956 2662 sunt
969 2610 1049 2677 quaa
1062 2607 1174 2675 uagam

60 2695 197 2759 mentem
223 2692 370 2760 emonem
397 2693 525 2774 laniunt,
554 2694 693 2780 uigiliae,
719 2695 884 2764 meditatio
908 2699 941 2762 et
966 2693 1075 2772 oratio,
1097 2711 1173 2776 qua·

60 2815 124 2862 rum
151 2795 327 2864 adsiduitas
355 2801 388 2864 et
415 2797 499 2882 iugis
527 2797 662 2864 intentio
691 2799 855 2869 emerunt
883 2798 1007 2868 animae
1027 2795 1176 2870 stabilem

61 2897 251 2966 firmitatem
287 2918 366 2984 qnae
390 2904 498 2969 tamen
521 2901 601 2971 aliae
620 2901 707 2969 nullo
728 2902 820 2969 modo
841 2902 956 2985 poterit
976 2899 1204 2984 adprehendit

60 3003 115 3067 niai
136 3021 196 3086 per
217 3001 318 3086 operis
339 3020 401 3069 non
417 3002 604 3088 filargyriao‚
626 3004 681 3069 sed
696 3005 795 3070 saeris
810 3003 948 3074 merobii
962 3002 1072 3070 usibus
1087 2999 1173 3070 dedi·

36 3107 117 3170 eeu
144 3103 376 3189 infatigabilem
403 3105 572 3189 iugitatem
600 3122 708 3170 omnes
735 3107 860 3172 omnine
886 3104 1114 3172 sollicitudines
1143 3107 1175 3169 et

61 3223 148 3274 rurae
181 3207 267 3273 uitae
298 3209 470 3291 praesentia
503 3209 591 3292 prins
618 3209 734 3276 luerint
761 3209 930 3290 abdioalae,
957 3215 995 3276 ut
1021 3207 1067 3274 ita
1094 3207 1175 3274 illud

105 3428 240 3484 linditio
262 3428 289 3484 V
374 3431 403 3483 st
420 3428 516 3485 ΜΟ
605 3429 733 3498 palpatur
752 3427 779 3484 V
870 3427 1063 3499 ddagnetatur
1084 3429 1110 3484 V

60 3514 177 3586 dadone
197 3513 225 3570 V
307 3515 419 3571 mobiles
439 3515 475 3572 7ι
563 3515 582 3570 4
599 3529 728 3586 synaxeue
747 3513 774 3570 V
799 3515 917 3570 sinaxeos
933 3513 989 3572 DO
1073 3513 1176 3570 Doirse

5 3606 6 3611 ’
64 3600 86 3655 7
163 3602 258 3658 doum
272 3601 346 3656 DX:
375 3601 439 3657 dum
459 3601 510 3658 VO
589 3599 719 3671 lipsius]
736 3601 798 3670 pius
815 3602 845 3657 D
923 3600 1043 3669 8adqne
1059 3598 1109 3658 VO

61 3687 91 3740 10
105 3688 251 3742 dimittens
272 3687 309 3742 V:
338 3688 465 3744 emittens
482 3683 569 3742 DOX
595 3686 707 3742 mittans
724 3685 754 3740 P
836 3685 960 3740 inrtnitis
981 3686 1009 3741 V
1089 3701 1177 3742 reour·

61 3772 131 3828 ritus
156 3771 198 3827 D¹
299 3773 330 3828 11
355 3773 385 3826 in
408 3772 447 3826 eia
471 3771 526 3828 ΟΧ
625 3770 782 3840 potistatem
804 3771 830 3826 V
929 3772 962 3826 14
982 3771 1062 3826 nubis
1083 3770 1111 3825 V

61 3856 189 3912 lnrmnlae
204 3857 232 3913 V
314 3857 490 3912 remoturus
504 3855 541 3910 V¹
621 3855 687 3910 llnea
696 3854 753 3909 D²:
780 3855 842 3910 linio
855 3856 942 3912 rollo
1027 3856 1061 3911 16
1073 3855 1175 3910 ditione

61 3959 91 3997 er
105 3944 225 3999 diutione
241 3942 272 3998 D
358 3944 490 3999 consistat
507 3941 574 3997 D¹O
659 3940 691 3995 l'l
707 3940 793 4011 pridie
804 3941 846 3996 D²
933 3943 966 3998 19
978 3941 1067 3998 itirari
1084 3940 1111 3996 V

61 4028 88 4083 ll
105 4031 209 4086 larium
220 4068 296 4084 .....
305 4028 340 4084 22
357 4029 480 4084 stabilem
499 4045 549 4084 oor.
570 4026 597 4082 V
679 4027 714 4084 24
731 4026 878 4097 filargiriaa
894 4031 940 4096 (oo
957 4027 1126 4097 filargiriam)
1144 4027 1175 4082 D

61 4115 124 4171 αθ
153 4115 296 4186 lylargirie
312 4115 342 4171 P
364 4115 548 4185 phylargiriae
565 4112 596 4166 X
680 4113 786 4167 eenubii
803 4113 834 4168 D
918 4114 1031 4169 didicati
1052 4112 1077 4167 V
1101 4113 1174 4167 dedi·

62 4204 112 4256 eal·
135 4201 168 4256 D
269 4201 305 4256 25
330 4200 522 4256 sollicitudinis
548 4197 584 4253 7ἱ
685 4198 720 4252 76
741 4205 803 4267 post
824 4199 964 4256 abdioatae
982 4199 1093 4254 eddom
1110 4198 1175 4255 Dr:

62 4289 136 4355 atque
160 4290 191 4342 in
216 4287 287 4342 hane
311 4287 397 4342 solam
424 4285 622 4342 eboemautiann
649 4281 770 4338 demerit
793 4285 1174 4354 superemmens·

7 4388 8 4453 ζ
63 4374 153 4427 nenda
169 4373 302 4428 intentio:
328 4371 430 4427 melu
450 4370 586 4441 Gom
602 4371 636 4423 iao
652 4375 753 4438 oopus
769 4385 835 4425 mae
851 4372 1001 4427 inuenerat

1020 4479 1074 4534 20·
