3009 5200
289 422 357 487 ω)
682 416 849 471 Iohannis
866 415 1025 470 Caaaiani

289 606 542 690 pronuntiabitur
570 604 715 687 progredi
738 605 780 669 ad
802 606 971 673 crcehiora
990 624 1053 671 uon
1075 606 1243 689 persequi
1262 624 1324 669 nou
1345 605 1416 669 eui-

289 711 369 775 cerit
398 708 548 792 planiora,
577 708 740 789 multoque
765 708 869 773 minus
890 728 928 775 ee
949 728 1028 791 quae
1049 714 1125 773 eunt
1145 709 1337 773 extrinsecus
1357 708 1417 773 ad-

289 813 472 896 prehendet,
501 812 632 894 quisque
661 812 846 895 intellegere
873 832 910 879 ea
939 831 1018 895 quae
1039 813 1100 877 eibi
1121 814 1197 877 suut
1217 812 1334 877 imerta
1354 828 1417 875 non

289 917 439 999 quieuit
486 916 644 981 sciendum
677 920 783 981 umen
815 918 935 999 duplici
968 918 1057 981 nohis
1094 916 1211 981 laboris
1244 916 1416 979 intentione

289 1022 468 1087 sudandum
489 1022 524 1084 iu
544 1019 735 1101 expellendis
758 1020 847 1085 uitiis
861 1038 954 1103 quam
971 1022 1003 1085 in
1020 1019 1192 1083 uirtutibus
1205 1017 1415 1101 adquirendis.
1438 1038 1450 1079 s

290 1125 325 1187 et
352 1124 411 1189 hoc
438 1142 501 1189 non
530 1126 638 1187 nostra
667 1124 808 1203 capimus
839 1125 1030 1203 coniectura,
1063 1125 1117 1187 sed
1146 1122 1235 1185 illius
1259 1120 1418 1185 sententia

291 1229 491 1308 perdocemur
513 1227 568 1309 qui
589 1226 676 1291 solua
696 1226 813 1307 opificii
833 1228 883 1291 sui
907 1228 989 1291 uires
1011 1227 1226 1309 rationemque
1248 1224 1416 1307 cognoscit.

290 1348 395 1408 ecce,
432 1330 547 1413 inquit,
584 1330 785 1395 constitui
822 1334 859 1393 te
892 1330 1006 1395 hodie
1044 1348 1163 1411 snper
1200 1333 1338 1411 gentes
1378 1332 1418 1390 et

290 1452 407 1515 super
435 1450 573 1517 regua,
596 1439 638 1497 ut
658 1432 826 1513 onelios,
849 1437 888 1499 et
909 1435 1108 1509 destruas,
1132 1436 1172 1497 et
1193 1431 1416 1513 disperdas,

259 1534 332 1599 3et
364 1536 557 1623 dissipes,
590 1540 631 1599 et
660 1534 867 1615 aedifices,
898 1542 935 1601 et
964 1537 1136 1620 plantes.
1172 1536 1206 1599 iu
1239 1533 1450 1617 expulsionem

293 1637 379 1703 euim
408 1639 569 1703 uomarum
597 1658 702 1703 rerum
722 1644 872 1721 quattuor
893 1659 959 1705 esse
982 1638 1155 1705 necessaria
1177 1637 1362 1723 designauit.
1385 1637 1417 1701 id

292 1746 342 1805 est
370 1742 515 1821 euellere,
548 1742 718 1815 destruere,
751 1742 937 1822 disperdere,
972 1744 1131 1823 dissipare,
1160 1742 1193 1806 in
1223 1740 1417 1823 perficiendis

293 1862 370 1909 uero
390 1844 562 1909 uirtutibus
584 1851 618 1909 et
637 1844 689 1909 his
710 1864 790 1926 quae
812 1851 850 1911 ad
874 1846 1029 1911 iustitiam
1045 1846 1202 1927 pertinent
1216 1842 1417 1925 adquirendis

293 1946 457 2013 aedificare
488 1947 704 2011 tautummodo
736 1950 831 2028 atque
863 1949 1011 2030 plantare
1064 1951 1145 2013 uude
1177 1948 1295 2029 liquido
1329 1948 1417 2026 patet

292 2048 454 2114 difficilius
476 2049 610 2112 conuelli
630 2052 725 2130 atque
745 2051 893 2114 eradicari
924 2052 1050 2115 inolitas
1073 2050 1209 2132 corporis
1231 2053 1326 2131 atque
1348 2048 1449 2111 ani-n

293 2170 363 2217 mae
383 2154 540 2235 passiones
561 2170 655 2234 quam
677 2152 836 2235 spiritales
858 2154 959 2217 extrui
983 2154 1178 2237 plantarique
1201 2152 1345 2215 uirtutes

338 2272 415 2339 llll.
435 2273 522 2339 Haec
554 2274 650 2357 igitur
680 2267 853 2358 πρακτική,
887 2293 967 2356 qnae
1000 2275 1120 2339 duobus
1153 2279 1189 2339 nt
1220 2274 1340 2337 dictum
1369 2272 1417 2335 est

293 2377 439 2441 subsistit
462 2377 575 2451 modis,
604 2396 679 2459 erga
700 2380 817 2442 multas
841 2380 1044 2461 protessionoe
1067 2380 1232 2461 studiaque
1254 2376 1415 2441 diuiditur.

293 2479 422 2561 quidam
451 2480 536 2544 enim
563 2498 721 2545 summam
749 2483 934 2547 intentionis
966 2500 1041 2547 snae
1063 2502 1138 2566 erga
1160 2482 1276 2545 heremi
1298 2482 1417 2545 secreta

294 2586 328 2646 et
348 2582 450 2648 cordis
478 2583 674 2649 constituunt
702 2587 884 2667 puritatem,
916 2588 951 2650 ut
981 2586 1012 2648 iu
1039 2584 1215 2666 praeteritis
1238 2582 1363 2650 Heliam
1386 2582 1448 2645 etat

294 2685 475 2752 Helisaeum
505 2688 681 2770 nostrisque
710 2687 904 2768 temporibus
933 2689 1060 2753 beatum
1083 2687 1254 2754 Antonium
1277 2686 1416 2768 ahusque

294 2787 432 2853 eiusdem
461 2791 614 2872 propositi
635 2795 804 2856 sectatores
834 2790 1078 2856 familiarissime
1100 2792 1157 2854 deo
1178 2810 1233 2872 psr
1255 2790 1415 2855 silentium

264 2891 473 2956 2solitudiuia
494 2893 667 2958 cohaesisse
688 2895 910 2975 cognoscimus.
944 2895 1070 2976 quidam
1093 2913 1168 2978 erga
1188 2893 1416 2959 iustitutionem

296 2993 428 3058 fratrum
457 2999 490 3058 et
518 2997 703 3078 peruigilem
732 2996 948 3062 coenobiorum
974 3015 1078 3062 curam
1102 3015 1226 3062 omnem
1249 2995 1346 3060 studii
1368 2992 1415 3059 sui

295 3095 539 3163 sollicitudiuem
567 3099 760 3174 dediderunt,
791 3107 826 3162 ut
854 3119 951 3180 nuper
980 3100 1126 3165 abbatem
1156 3099 1335 3180 Iohannem,
1364 3096 1447 3180 quis

295 3199 331 3263 iu
362 3200 481 3266 uicinia
511 3201 650 3266 ciuitatis
679 3204 729 3268 oui
760 3220 870 3267 nomen
901 3205 949 3268 est
970 3203 1101 3268 Thmuis
1131 3203 1239 3286 grandi
1270 3200 1415 3268 coenobio

292 3302 445 3386 praefuit,
474 3321 512 3368 ac
533 3305 698 3369 nonnullos
720 3306 860 3369 eiusdem
885 3307 988 3370 meriti
1012 3307 1095 3370 uiros
1118 3305 1297 3390 apostolicis
1320 3303 1415 3367 etiam

296 3405 396 3487 siguis
416 3405 617 3469 meminimus
638 3407 798 3471 claruisse.
837 3410 986 3488 quosdam
1012 3409 1189 3473 xenodochii
1212 3414 1245 3473 et
1265 3405 1415 3488 suscepti·

398 3581 550 3639 dllierem.
569 3585 593 3646 1,
611 3583 645 3637 10

347 3745 365 3800 2
386 3746 565 3816 adprehendit
579 3749 639 3802 ΠΤ
736 3750 756 3803 4
772 3753 863 3804 hmau
880 3755 923 3804 eat
940 3753 984 3806 ‘l'o
1086 3749 1189 3818 duplici
1205 3750 1311 3804 ratione
1327 3751 1354 3802 Y

293 3832 514 3888 baudaudamll
537 3835 692 3891 mirre
771 3835 931 3904 Sinquido
1018 3837 1214 3904 liquatuor‘l'
1294 3837 1326 3890 15
1337 3838 1416 3902 atque

295 3919 403 3974 nime
418 3922 554 3988 {mione
571 3935 623 3974 on.
638 3921 670 3972 Π
766 3921 849 3974 auinni
868 3923 893 3973 Τ
995 3922 1026 3974 17
1043 3923 1177 3990 ΠμτΙῊΗ
1193 3921 1225 3974 Π
1251 3922 1415 3988 ΠΡΙΙΘΙΠ

297 4006 324 4056 Τ
406 4006 440 4059 18
456 4007 551 4060 multia
567 4006 608 4058 11¹
691 4006 728 4060 w
745 4007 786 4076 nt]
805 4013 834 4060 at
850 4008 883 4059 ‘P'
969 4007 1051 4060 eliam
1069 4007 1096 4060 0
1178 4007 1211 4060 21
1231 4006 1373 4060 helimam
1389 4001 1415 4054 Σ

297 4088 426 4144 heliseum
438 4092 465 4142 t·
486 4091 612 4146 eliaam
623 4091 651 4146 0
733 4093 768 4146 24
781 4092 941 4161 peruigelem
952 4093 983 4146 Π
1066 4093 1109 4146 eui
1122 4109 1172 4146 en.
1189 4092 1239 4144 Σν
1322 4091 1357 4144 ab
1374 4088 1415 4141 de·

295 4172 396 4228 darunt
405 4175 503 4230 nme
572 4193 658 4244 ηψπ
668 4176 777 4231 beatum
791 4179 929 4232 iohannem
942 4181 1066 4232 abbatem
1079 4180 1105 4230 t*
1175 4177 1209 4231 26
1221 4179 1249 4230 iu
1260 4193 1311 4230 on.
1322 4176 1354 4227 Π

296 4258 387 4314 uicina
409 4262 441 4313 Π
540 4263 662 4316 mamni·
684 4265 714 4316 Σ
741 4265 824 4318 bimis
848 4268 874 4318 Τ
901 4265 1018 4320 thenihia
1041 4265 1067 4319 0
1174 4265 1297 4318 coenubio
1323 4263 1351 4314 Σ

295 4347 332 4401 at
349 4347 406 4402 aina
422 4349 453 4400 Π
552 4350 587 4405 w
602 4351 741 4406 mncdocii
759 4353 819 4406 ΣΟ
918 4357 948 4407 et
964 4353 1140 4422 rmcaptiouir
1157 4367 1208 4406 oar.
1226 4353 1252 4403 ‘l'
