3009 5200
424 413 582 471 Conlatio
604 414 638 482 Χ,
656 415 766 471 11-14.
1093 419 1155 485 30¹1

33 663 34 688 χ
76 619 141 684 psrn
168 602 278 669 indicio
306 606 339 669 ct
371 603 599 671 examinatione
631 603 731 684 linire,
765 602 909 687 palpator
940 607 1156 672 tantummodo

75 707 230 788 spiritalium
253 724 400 775 sensuum
420 724 456 772 cc
470 709 660 790 deguststor,
675 726 737 775 non
752 708 919 792 generator
932 726 990 775 noo
1003 725 1158 790 possessor

33 897 34 902 ἵ
74 808 177 875 dmm.
211 811 305 893 atque
326 809 374 875 ita
393 829 483 877 mens
504 810 630 878 mobilis
658 828 837 895 semperne
859 830 940 895 unga
962 810 994 877 in
1017 810 1187 894 tomporel

33 913 34 932 ¹
73 928 161 995 quoque
185 930 333 997 munos
361 913 449 979 uelut
477 912 562 979 ebria
590 931 646 996 per
674 914 797 979 diuersa
818 912 1010 989 distraffitm,
1034 914 1156 979 nullum

32 1023 33 1028 ’
61 1014 178 1081 sudden
197 1015 398 1100 conpetenter
418 1016 590 1084 exsoluam.
628 1015 716 1083 uerbi
746 1015 850 1101 gratis
876 1034 947 1081 cum
972 1017 1050 1101 crat,
1072 1016 1157 1099 psal·

32 1141 33 1146 ¹
72 1137 134 1183 nun
151 1121 202 1184 sut
223 1119 363 1202 utiquam
382 1117 492 1186 recolit
512 1119 688 1185 lectionem.
722 1136 794 1185 onnu
810 1120 964 1199 docantat,
979 1118 1066 1185 aliud
1081 1120 1156 1201 quid

32 1235 33 1276 ss
72 1221 207 1287 meditatur
229 1239 322 1305 qnam
346 1226 449 1289 tortus
471 1222 572 1305 ipsius
594 1221 733 1289 continet
748 1221 871 1304 psalmi.
904 1240 977 1289 cnuu
990 1220 1157 1288 lectionem

31 1323 33 1398 g
71 1324 160 1409 saint
180 1326 358 1393 iaciendum
378 1325 498 1409 aliquid
518 1324 622 1393 noluit
635 1326 795 1392 factumue
809 1324 1030 1393 reminiscitur.
1063 1328 1157 1407 atque

31 1415 32 1438 ¹
71 1428 181 1497 inbono
205 1428 335 1496 modum
363 1428 443 1495 nihil
465 1428 660 1511 disciplinato
684 1447 742 1495 uec
763 1432 911 1511 oportune
932 1426 1084 1510 recipiens
1104 1428 1174 1493 uel.

53 1527 199 1597 edinittous
227 1532 317 1598 uolut
343 1530 482 1597 fortuitis
510 1534 561 1615 agi
591 1530 716 1597 uidetur
736 1531 922 1615 incursibus,
945 1530 1098 1597 detinendi
1120 1548 1157 1595 os

71 1634 154 1713 ouibus
177 1634 354 1703 delectatur
381 1636 434 1703 uel
460 1634 637 1703 inmutandi
663 1634 710 1701 eis
735 1652 797 1703 non
818 1634 936 1707 habens
957 1634 1155 1715 potestatem.

71 1738 244 1803 somarium
267 1756 340 1824 ergo
362 1738 451 1806 uobis
473 1740 521 1805 est
540 1757 614 1823 prae
636 1738 779 1807 omnibns
793 1754 882 1807 noane
896 1735 1187 1821 quemadmoduma

70 1838 122 1905 laco
144 1841 297 1925 spiritalia
323 1845 524 1925 conpetenter
551 1842 673 1925 explere
699 1841 854 1925 possimus
876 1839 982 1912 officia
1003 1839 1053 1907 nol
1076 1839 1158 1907 oeuta

70 1940 128 2007 lunc
144 1943 275 2010 eundem
295 1944 496 2028 nordoulum,
518 1963 610 2028 quem
632 1944 722 2016 nobis
736 1944 805 2012 uice
820 1944 973 2014 formatus
986 1939 1157 2019 delibuti,

52 2046 227 2113 sinuobilitsr
250 2048 416 2127 oustodire,
439 2055 476 2113 ut
498 2049 639 2114 omnium
659 2066 809 2117 sensnum
830 2050 916 2115 ortus
939 2065 976 2115 an
997 2046 1076 2113 fines
1095 2062 1157 2110 non

71 2145 153 2215 baua
170 2148 372 2219 uolubilitste
392 2148 556 2225 fluctuant.
575 2151 630 2218 aed
651 2151 686 2217 in
707 2154 813 2219 nostra
835 2150 954 2220 boone
974 2148 1155 2220 demittant

29 2275 30 2286 ¹
97 2250 185 2318 lilii
216 2270 336 2321 usuro:
372 2254 463 2321 Licet
494 2255 615 2336 pridem
647 2272 742 2338 supas
774 2253 831 2321 bac
858 2272 892 2321 re
922 2249 1156 2336 disputantibus

29 2369 30 2456 J
71 2353 132 2421 nobis
159 2355 195 2423 de
223 2356 375 2427 orationis
403 2357 499 2437 statu,
527 2358 678 2441 quantum
706 2374 786 2438 uuor,
815 2358 859 2424 sit
884 2356 1075 2429 sufficienter
1105 2372 1156 2419 ex·

28 2535 29 2552 ¹
70 2472 187 2539 cresum,
219 2464 330 2527 nmen
356 2461 429 2543 quia
457 2458 548 2527 uobis
575 2460 652 2528 baec
678 2461 786 2529 Mem
816 2459 943 2545 possins
972 2458 1091 2534 iterari,
1117 2458 1157 2526 de

28 2565 29 2625 l
52 2558 274 2630 estimatione
294 2562 396 2630 cordis
417 2559 556 2631 breuiter
577 2561 742 2633 intimabo.
779 2562 843 2639 tria
862 2565 937 2633 sunt
951 2580 1030 2646 quae
1044 2576 1156 2645 uagam

70 2666 177 2730 nouem
200 2664 351 2734 stabilem
378 2665 506 2745 danunt,
535 2666 674 2751 uigilias,
701 2666 922 2735 menindus
948 2663 1057 2742 oratio,
1079 2681 1155 2746 qua·

70 2783 117 2832 un
137 2769 308 2838 adsiduitas
337 2773 369 2834 et
397 2770 480 2854 iugis
508 2769 643 2836 intentio
672 2770 837 2839 conferunt
864 2769 988 2836 animae
1009 2765 1157 2837 stabilem

70 2865 228 2938 bnitatonn
268 2890 347 2957 quae
371 2876 479 2940 tamen
502 2873 582 2943 alias
601 2872 688 2940 nullo
709 2873 802 2940 modo
822 2872 937 2956 poterit
957 2869 1186 2954 adprehendit

69 2971 110 3036 n'si
126 2993 175 3057 por
195 2974 298 3058 operis
319 2993 382 3041 non
399 2974 585 3060 filargyriso,
608 2974 662 3042 sod
678 2975 776 3041 sacris
791 2973 929 3044 coenobii
944 2972 1054 3040 usibus
1069 2969 1154 3040 dedi·

51 3075 111 3139 ¹⁵oti
132 3075 358 3163 infatigabilem
385 3077 554 3160 iugitatem
581 3095 689 3143 omnes
717 3079 841 3142 omniuo
868 3074 1095 3142 sollicitudines
1125 3077 1157 3139 et

69 3191 135 3243 urae
161 3181 246 3248 uitae
279 3181 452 3266 praesentis
484 3181 572 3263 prius
599 3180 715 3247 fuerint
742 3180 912 3260 abdicatne,
940 3185 977 3246 ut
1003 3176 1049 3245 ita
1076 3177 1157 3243 illud

102 3399 219 3456 liuditio
240 3400 268 3457 V
356 3403 385 3455 st
402 3416 454 3456 osa.
474 3399 497 3456 0
587 3399 714 3469 palpatur
734 3398 761 3455 V
852 3397 1045 3469 idaguststur
1065 3399 1092 3454 V

68 3479 159 3556 indque
176 3487 204 3542 V
287 3487 401 3543 mobiles
421 3485 457 3541 V¹
545 3486 709 3556 dsynuueue
729 3484 755 3541 V
781 3486 899 3541 sinueos
916 3483 971 3542 Do
1055 3483 1157 3540 diuirsa

70 3567 86 3621 V
146 3575 236 3630 boum
253 3573 327 3629 DX:
357 3573 421 3629 dnm
441 3571 492 3630 VO
570 3570 700 3641 lipsius]
718 3572 780 3640 pius
796 3571 827 3626 D
905 3570 1024 3640 Ssdque
1041 3568 1091 3627 VO

69 3653 91 3706 lt
102 3656 230 3714 dimittens
252 3660 290 3715 V:
320 3659 447 3715 emittens
465 3654 551 3714 DOX
577 3657 688 3714 mittans
707 3653 736 3710 P
818 3657 942 3712 fortuitis
963 3656 991 3711 V
1070 3670 1159 3711 raour·

68 3739 121 3796 abun
140 3744 179 3798 D¹
280 3745 312 3800 11
337 3745 367 3798 in
390 3744 429 3798 eis
453 3742 507 3799 ΟΧ
606 3741 765 3812 potistatem
786 3741 813 3796 V
910 3743 944 3797 14
963 3741 1044 3796 nubis
1064 3739 1092 3795 V

67 3821 211 3885 femmV
294 3829 330 3884 15
341 3828 472 3884 costodire
487 3826 523 3881 V¹
603 3825 669 3880 lines
678 3825 735 3880 D¹:
762 3825 824 3881 linis
837 3826 924 3882 relic
1009 3825 1042 3881 le
1054 3824 1157 3879 ditione

67 3911 205 3972 afficflono
220 3915 252 3971 D
339 3915 473 3970 consistat
488 3912 556 3969 12¹0
641 3910 674 3965 17
689 3911 776 3981 pridie
786 3911 828 3966 D²
916 3914 948 3968 19
960 3911 1049 3968 itineri
1065 3910 1092 3965 V

66 3993 190 4057 linono
199 4040 277 4056 .....
287 4000 322 4056 22
339 4001 464 4056 stabilem
481 4016 531 4055 out.
552 3997 580 4052 V
661 3997 696 4054 24
712 3997 860 4067 dilargiriae
876 4001 922 4066 (cc
939 3997 1108 4066 dilargiuiam)
1126 3995 1157 4051 D

67 4083 116 4139 60
138 4087 277 4158 iylnrgirie
295 4086 324 4143 P
346 4085 530 4157 phylargiriae
547 4082 578 4137 X
662 4084 768 4138 conubii
786 4082 816 4138 D
900 4083 1012 4139 didioati
1033 4081 1059 4138 V
1083 4081 1156 4136 dedi·

67 4171 106 4222 sa
125 4171 152 4226 D
249 4173 287 4228 ib
312 4171 504 4228 sollicitudinis
530 4168 566 4224 V¹
667 4168 702 4222 26
723 4175 785 4237 post
807 4169 946 4226 abdiostse
963 4168 1075 4223 addant
1092 4166 1156 4224 Dr:

67 4257 125 4322 etque
146 4260 173 4313 in
196 4259 269 4315 banc
293 4260 379 4315 solam
406 4255 604 4314 obseruantinm
631 4251 752 4309 defixerit
775 4270 803 4310 se
820 4257 859 4324 (se
876 4270 896 4311 a.
913 4257 930 4312 t
948 4271 982 4310 sn
1000 4256 1021 4308 2
1037 4254 1079 4323 D)
1096 4257 1156 4311 tota

68 4343 140 4396 nubs
154 4344 284 4400 intestine
309 4343 412 4399 mio
432 4341 569 4412 Ouydiooa
585 4341 618 4394 iu
634 4345 735 4408 muso
751 4355 817 4396 noas
833 4341 983 4396 immod

1001 4448 1056 4503 202
