3009 5200
466 467 628 525 conrasit
649 468 738 533 svn,
758 466 867 523 usco.
1169 472 1231 541 481

93 661 235 727 alienae:
258 661 285 727 si
308 680 381 726 uero
403 677 441 725 ea
463 676 542 741 quse
560 658 631 724 aliis
646 659 800 725 salutaria
813 664 888 727 sunt
902 664 1015 729 nostris
1029 664 1225 735 utilitatibus

92 768 320 849 praeponentes
359 762 525 847 apostolico
563 762 809 829 satisfecerimus
844 764 988 848 imperio,
1026 770 1093 833 sins
1129 770 1225 836 dubio

93 867 257 935 subeunda
292 870 341 933 eet
377 865 468 933 nobis
505 866 676 931 nenessitas
713 866 897 933 mentiendi.
943 873 976 933 st
1012 871 1129 938 idcirco
1168 878 1255 942 need

93 974 221 1056 integra
251 969 390 1037 mutetis
420 969 541 1051 uiscera
570 968 726 1051 possidere
756 988 813 1035 nec
834 988 870 1037 ea
891 989 971 1053 quas
993 974 1126 1041 aliorum
1149 979 1226 1043 suut

69 1076 267 1141 seecundum
301 1072 502 1157 apostolicam
535 1070 738 1154 disciplinam
771 1089 917 1154 quaerero
947 1078 1128 1157 poterimus,
1163 1082 1226 1146 nisi

94 1179 145 1243 his
161 1195 240 1259 quae
256 1175 447 1243 districtioni
462 1179 587 1242 nostres
601 1174 844 1259 perfectionique
859 1179 1049 1243 conueniunt
1058 1183 1224 1262 paululum

93 1281 243 1345 retentis
265 1278 508 1345 condescendere
530 1276 724 1345 utilitatibus
746 1279 880 1344 aliorum
902 1297 997 1361 prono
1020 1284 1225 1351 maluerimus

95 1384 211 1449 affectu
244 1387 278 1447 et
310 1382 358 1447 ita
390 1400 462 1447 cum
495 1368 635 1465 apostolo
668 1381 801 1447 infirmis
828 1382 1002 1449 efficiamur
1030 1386 1156 1466 infirmi,
1185 1389 1225 1452 ut

96 1488 213 1552 lucrari
235 1486 390 1568 possimus
411 1484 562 1551 infirmos.

60 1634 86 1673 ro
138 1608 209 1673 XX.
244 1604 362 1688 Quibus
395 1605 536 1672 eruditus
570 1604 718 1688 exemplis
757 1606 867 1671 beatus
904 1625 1025 1691 quoque
1064 1611 1225 1692 apostolus

96 1708 230 1777 Iacobus
254 1726 420 1793 omnesque
434 1709 522 1774 iilius
539 1708 687 1773 ecclesius
701 1708 882 1790 primitiare
896 1710 1055 1794 praecipui
1070 1712 1225 1797 prinsipes

94 1814 271 1896 apostolum
301 1812 436 1877 Paulum
465 1812 503 1876 ad
534 1811 744 1876 simulationis
773 1810 926 1894 figmenta
954 1812 1139 1881 descendere
1168 1834 1225 1898 pro

95 1915 306 1983 inbecillitate
330 1914 555 1979 infirmantium
572 1914 775 1979 cohortantur
790 1932 923 1996 eumque
938 1917 1096 1997 purificari
1113 1936 1225 1985 secun-

96 2024 172 2086 dum
194 2019 426 2085 otseruautism
449 2018 539 2103 legis,
563 2019 657 2100 caput
678 2018 797 2094 radere,
820 2022 895 2084 uota
909 2018 1018 2084 offerre
1033 2020 1224 2105 conpellunt,

61 2140 242 2207 repraesens
271 2121 351 2187 illud
383 2120 581 2203 dispendium
611 2121 692 2203 quod
716 2139 752 2185 ex
773 2120 832 2186 hac
858 2122 1014 2206 hypocrisi
1037 2123 1226 2207 gignebatur

96 2225 188 2292 nihili
218 2226 409 2307 reputantes,
440 2224 494 2289 sed
523 2224 770 2307 contemplantes
792 2225 898 2308 potins
921 2226 1009 2290 lucre
1031 2243 1111 2307 quae
1133 2228 1225 2293 erant

96 2348 132 2395 sr
165 2328 253 2395 illius
286 2327 408 2393 diutina
437 2324 664 2410 praedicatione
693 2327 852 2411 parienda.
890 2328 1064 2393 nonenim
1095 2330 1255 2398 tautum‘d

97 2432 238 2515 apostolo
261 2430 359 2496 Paulo
382 2432 501 2497 lucrum
524 2448 560 2496 er
576 2430 633 2497 hac
646 2431 712 2497 eius
730 2432 832 2498 fuerat
846 2432 1040 2499 districtione
1054 2432 1223 2511 conlatum,

96 2540 249 2620 quantum
280 2535 373 2601 celeri
403 2534 469 2600 sius
500 2534 594 2600 exitio
624 2535 777 2601 uniuersis
805 2535 955 2620 gentibus
988 2536 1223 2602 detrimentum.

64 2641 179 2724 equod
202 2640 268 2705 sine
291 2638 386 2704 dubio
410 2640 573 2706 uniuersas
599 2643 674 2704 tunc
696 2641 853 2706 euenisset
875 2641 1030 2720 ecciesiae,
1047 2641 1109 2704 nisi
1132 2640 1224 2705 illum

97 2746 173 2809 haec
207 2743 295 2809 utilis
329 2761 365 2808 oc
397 2743 531 2808 salubris
565 2744 737 2828 hypocrisis
772 2743 995 2827 praedicationi
1024 2745 1224 2827 euangelicos

97 2849 294 2912 ressruasset.
333 2849 408 2912 tunc
433 2847 517 2911 enim
539 2847 714 2912 necessario
737 2863 773 2910 ac
794 2845 998 2911 ueniabiliter
1013 2844 1226 2929 adquiescitur

98 2949 252 3016 mendacii
282 2949 480 3028 detrimento,
510 2951 632 3032 quando
662 2948 763 3014 mains
792 2950 830 3013 ut
858 2948 994 3013 diximus
1026 2949 1160 3013 inminet
1186 2948 1224 3012 ds

98 3051 240 3117 ueritatis
262 3051 453 3118 confessione
480 3051 676 3135 dispendium
700 3057 731 3115 et
752 3050 877 3116 utilitas
893 3069 970 3134 quse
985 3049 1075 3116 nobis
1090 3052 1128 3115 de
1142 3053 1225 3116 neri·

64 3156 165 3220 state
198 3153 357 3220 confertur
389 3171 574 3236 conpensare
606 3154 664 3218 illa
696 3171 776 3237 quos
805 3155 982 3238 generanda
1009 3157 1086 3218 sunt
1111 3155 1225 3220 damna

98 3277 158 3323 nou
180 3258 349 3340 praeualet.
386 3259 467 3339 quod
490 3259 774 3340 temperamentum
802 3257 898 3321 etiam
920 3257 992 3324 aliis
1014 3256 1118 3322 uerbis
1139 3256 1255 3327 iosus

98 3364 207 3427 beatem
240 3361 399 3444 apostolus
434 3359 549 3442 ubique
582 3377 615 3425 se
647 3377 768 3444 semper
802 3361 940 3425 tenuisse
970 3361 1113 3426 testatur.
1152 3377 1224 3424 nam

99 3484 168 3530 cum
211 3463 307 3530 dicit:
344 3463 474 3528 factus
511 3481 590 3527 sum
627 3461 782 3528 Iudaeis
818 3464 928 3528 siout
964 3463 1148 3540 Iudaeus,
1182 3465 1226 3528 ut

98 3567 267 3632 Iudaeos
312 3566 417 3632 lucri
453 3565 640 3632 facerem:
677 3567 738 3632 his
776 3567 844 3649 qui
880 3566 949 3631 sub
986 3565 1076 3648 legs
1113 3569 1226 3631 eraut

66 3671 213 3754 aequasi
247 3671 315 3736 sub
352 3671 438 3754 lege
474 3688 614 3749 essem,
652 3688 736 3736 cum
770 3670 854 3754 ipss
887 3688 962 3734 non
996 3685 1120 3734 essem
1153 3669 1223 3732 sub

202 3874 235 3928 28
254 3873 268 3928 1
288 3872 349 3929 Ocu.
366 3875 391 3938 9,
409 3871 513 3928 atr-sa

150 4061 167 4114 2
191 4065 365 4130 proponentes
384 4063 412 4113 Σ
515 4058 723 4114 ddestrioticni
741 4059 771 4110 Σ
799 4057 970 4113 districtione
987 4059 1027 4111 Πι
1131 4061 1224 4129 paulo·

100 4149 155 4202 lum
174 4149 200 4200 Τ
291 4149 385 4202 Bcuur
403 4147 523 4217 apostolo
540 4163 600 4202 curn
618 4147 644 4198 Y
735 4145 873 4200 elucere
891 4147 919 4197 Σ
1006 4147 1112 4200 locem
1129 4147 1225 4200 distica·

99 4233 159 4302 pm't
176 4234 202 4285 Y
286 4233 318 4288 12
337 4233 488 4288 discendere
506 4232 541 4285 Y¹
629 4232 662 4286 13
680 4231 873 4286 iubeocillitate
890 4233 918 4284 Σ
1003 4247 1115 4300 cumque
1129 4234 1156 4284 Π

102 4318 134 4371 16
151 4319 220 4372 nihil
238 4321 264 4370 'P
287 4319 353 4374 nicil
370 4319 396 4372 O
413 4325 445 4372 art
457 4319 524 4372 soict
610 4317 696 4387 eraut]
710 4320 776 4370 eunt
787 4319 813 4368 Ῥ
901 4317 934 4371 18
945 4316 1118 4371 destrictione
1130 4319 1158 4368 Σ

101 4405 314 4461 20euiuiseetii
402 4405 605 4475 segerendez
698 4404 864 4475 30ipaeaub
877 4405 1000 4474 leganou
1013 4421 1096 4459 erasm
1107 4406 1157 4460 Hc

150 4507 229 4566 XIII.
264 4525 325 4570 Care.
347 4531 367 4570 2.
1089 4509 1121 4564 31
