3009 5200
474 436 631 493 Oculatis
652 439 722 504 1111,
741 441 810 494 1-4
1164 445 1206 510 99

71 624 250 691 sterilitate
276 631 391 694 mentis
414 631 462 694 est
483 630 610 696 tradita.
646 633 702 696 aut
724 629 808 696 enim
830 632 869 695 de
891 631 1089 715 neglegentia
1103 636 1209 697 nostra

72 729 121 790 aut
151 731 196 794 de
229 730 458 815 inpugnatione
488 731 604 798 diaboli
631 735 687 797 aut
715 735 752 798 de
779 732 1008 815 dispensatione
1033 733 1151 800 domini
1171 753 1208 799 ac

70 829 263 911 probatione
296 834 467 902 descendit.
504 839 535 900 ot
562 835 599 900 ds
624 835 822 920 neglegentia
854 837 990 918 quidem,
1024 856 1095 902 cum
1128 837 1207 902 uitio

70 936 174 998 noetro
219 937 331 1018 tepore
366 939 568 1020 praecedente
603 939 858 1022 incircumspecte
894 943 1018 1004 nosmet
1053 940 1138 1022 ipsos
1177 945 1207 1004 et

55 1039 239 1104 aremissius
263 1039 445 1106 exhibentes
468 1044 501 1108 et
522 1059 576 1124 per
596 1044 743 1128 ignauam
767 1041 916 1110 desidiam
939 1041 1037 1106 noxiis
1059 1041 1207 1124 cogitati·

70 1138 184 1205 onibus
217 1145 303 1226 pasti
333 1147 448 1210 torram
478 1145 576 1210 cordis
606 1146 705 1212 nostri
733 1146 840 1228 spinas
866 1146 899 1209 et
919 1144 1052 1210 tribulos
1072 1144 1207 1210 facimus

70 1243 263 1326 germinare,
294 1247 406 1328 quibus
427 1249 459 1311 in
482 1265 518 1311 ea
539 1246 773 1330 pullulantibus
802 1251 1023 1329 consequenter
1051 1245 1206 1312 allicimur

70 1345 200 1410 steriles
217 1348 315 1428 atque
337 1347 376 1412 ab
393 1349 478 1413 omni
503 1348 637 1431 spiritali
653 1349 759 1414 fructu
774 1349 806 1414 et
822 1349 1084 1434 contemplatione
1097 1349 1205 1415 ieiuni.

70 1449 105 1512 de
134 1449 374 1534 inpugnatione
402 1469 476 1516 uero
500 1451 626 1531 diaboli,
650 1471 721 1518 cum
744 1453 842 1518 stiam
864 1453 952 1520 bonis
974 1471 1205 1538 nonnumquam

47 1551 190 1616 sundiis
221 1553 323 1617 dediti
352 1553 469 1618 callida
498 1553 675 1622 subtilitate
704 1557 844 1621 mentem
866 1561 1004 1622 nostram
1026 1557 1207 1622 aduersario

71 1655 263 1736 penetrante
284 1655 336 1720 uel
349 1655 528 1738 ignorantes
550 1659 589 1723 ab
604 1658 731 1739 optimis
750 1658 978 1724 intentionibus
994 1660 1207 1726 abstrahimur
1269 1679 1278 1697 ·

72 1758 118 1823 uel
140 1759 258 1824 inuiti

110 1879 196 1944 1111.
220 1878 472 1961 Dispensationis
494 1882 600 1946 autem
623 1899 659 1946 ac
681 1880 870 1962 probationis
892 1881 1006 1965 duplex
1029 1900 1124 1948 causa
1146 1884 1203 1946 eet.

73 1981 188 2065 prima,
217 1985 259 2046 ut
279 1982 437 2065 paulisper
459 2001 477 2048 a
499 1983 622 2048 domiuo
652 1984 793 2049 derelicti
815 1987 849 2049 et
870 1985 987 2050 mentis
1008 1989 1135 2050 nostrae
1155 1986 1204 2049 in·

50 2085 266 2150 iufirmitatem
303 2086 466 2151 humiliter
502 2088 659 2152 intuentes
703 2105 796 2170 super
830 2089 1032 2170 praecedente
1069 2090 1206 2169 puritate

77 2189 188 2272 cordis,
224 2205 309 2271 quas
342 2189 434 2256 nobis
467 2193 515 2255 est
547 2190 635 2256 illius
664 2191 846 2257 uisitatione
873 2193 997 2274 donata,
1030 2191 1207 2255 nullatenus

77 2292 277 2370 extollamur,
309 2293 535 2376 probantesque
564 2311 620 2359 nos
648 2295 686 2359 ab
717 2296 825 2360 eodem
853 2293 1015 2360 derelictos
1037 2292 1207 2377 gemitibus

78 2399 193 2462 nostris
230 2397 263 2460 et
292 2395 449 2461 industria
473 2396 566 2463 illum
588 2397 726 2463 laetitiae
750 2415 787 2462 ac
807 2398 955 2480 puritatis
977 2400 1094 2462 statum
1117 2415 1206 2463 recu-

79 2516 186 2580 perare
209 2517 276 2563 non
292 2517 381 2580 posse
396 2499 616 2583 intellegamus
632 2503 663 2566 et
676 2501 880 2582 praeteritam
895 2500 996 2566 cordis
1011 2500 1206 2564 alacritatem

53 2622 136 2669 anon
158 2606 272 2668 uostm
287 2603 399 2683 studio,
426 2604 481 2669 eod
494 2604 583 2668 illius
598 2605 687 2671 uobis
703 2604 884 2686 dignatione
899 2604 1055 2669 conlatam
1070 2606 1102 2669 et
1116 2622 1205 2685 prae·

81 2712 197 2772 sentem
214 2708 257 2770 de
270 2707 370 2787 ipsius
385 2725 507 2771 rursum
519 2708 622 2791 gratia
633 2711 665 2773 et
679 2706 918 2774 inluminatione
929 2726 997 2773 esse
1010 2707 1205 2789 poscendam.

82 2811 214 2875 secunda
238 2828 314 2875 uero
335 2810 528 2891 probationis
551 2815 598 2875 est
619 2828 720 2887 causa,
744 2814 781 2875 ut
794 2810 1023 2893 perseuerantis
1036 2812 1142 2875 nocua
1155 2809 1237 2876 uel2

83 2916 191 2979 mentis
215 2914 394 2980 constantia
415 2914 448 2978 et
468 2913 657 2979 desiderium
674 2915 890 2995 conprobetur,
913 2915 947 2979 et
960 2932 1023 2995 qua
1035 2912 1207 2979 intentione

83 3018 176 3083 cordis
210 3018 267 3082 uel
301 3019 473 3082 orationum
505 3016 657 3083 instantia
688 3017 880 3082 deserentem
912 3035 968 3081 noe
994 3015 1207 3081 uisitationem

56 3122 179 3185 suncti
214 3122 347 3202 spiritus
383 3120 586 3201 requiramus,
615 3120 837 3185 manifestetur
857 3118 1007 3196 innubis,
1032 3118 1218 3201 acpaniter·

85 3226 297 3309 agnoscentes,
328 3226 443 3305 quanto
469 3222 575 3288 labore
598 3225 748 3289 amissum
777 3222 864 3289 istud
891 3222 1034 3307 spiritale
1058 3221 1207 3304 gaudium

85 3327 285 3410 etpuritatis
306 3327 430 3391 laetitia
451 3327 659 3409 conquiratur,
682 3326 848 3391 sollicitius
870 3325 1033 3390 inuentam
1053 3324 1208 3390 custodire

86 3448 118 3495 ac
137 3437 248 3495 tenere
270 3430 428 3495 adtentius
443 3432 631 3495 studeamus.
655 3431 880 3512 quodammodo
895 3430 978 3494 enim
992 3428 1208 3512 neglegentius

86 3534 235 3598 mstodiri
257 3534 341 3598 solet
361 3533 508 3618 quidquid
531 3534 669 3599 creditur
690 3533 785 3599 facile
806 3548 896 3615 posse
916 3532 1062 3614 reparari
1087 3592 1092 3597 .

6 3844 7 3855 ,
130 3806 145 3857 1
173 3803 329 3857 sterelitate
350 3802 493 3859 WO¹PX¹
596 3804 613 3858 2
639 3802 741 3858 diabuli
768 3802 839 3857 D¹P
937 3803 956 3856 4
981 3804 1099 3872 tempore
1124 3799 1208 3857 D¹W

6 3860 7 3907 ¹
89 3889 135 3945 ΟΡ
232 3888 393 3958 procedente
415 3888 439 3942 0
522 3889 637 3959 nosmet]
654 3905 702 3943 nos
723 3890 762 3945 W
857 3888 874 3942 5
891 3888 1030 3957 ignauiam
1046 3886 1141 3951 12¹0?

86 3976 99 4027 l
119 3991 280 4047 germanare
301 3974 344 4029 D¹
447 3976 465 4030 8
486 3974 592 4029 stenelis
615 3973 687 4029 D¹P
714 3974 823 4028 stercles
844 3973 931 4031 W¹O¹
1034 3974 1068 4029 ab
1085 3972 1169 4043 omni]
1192 3989 1209 4027 a

82 4070 149 4185 bon}
174 4097 206 4151 D
308 4096 406 4151 ieiunii
430 4095 502 4151 12¹0
608 4095 625 4148 9
651 4096 726 4149 bouis
751 4112 803 4151 oca.
828 4094 871 4149 Β*
978 4095 1011 4150 11
1036 4095 1207 4165 paenitrantc

89 4200 131 4256 Ψ
234 4199 269 4254 14
289 4202 396 4255 mentes
419 4198 463 4252 1)ι
565 4198 599 4252 22
623 4199 819 4267 perseuerantia
841 4199 872 4252 D
973 4200 1008 4254 26
1030 4202 1091 4254 stut
1117 4196 1141 4254 0

88 4285 115 4339 tl
132 4287 243 4341 inuenta
259 4286 318 4343 ΒΟ
412 4286 447 4341 29
466 4284 597 4339 custudire
614 4285 655 4339 D¹
685 4284 820 4339 custodire
839 4283 927 4342 ΠΨ
1019 4284 1152 4354 quidquid
1167 4284 1207 4339 P:
1235 4304 1238 4308 ·

6 4416 7 4429 ,
89 4372 208 4442 quicquid
224 4372 356 4433 DWOX
461 4384 582 4439 reparare
598 4369 639 4425 D¹
669 4370 803 4439 paruriO
1002 4368 1005 4372 ’

1069 4475 1107 4529 *18

1067 4599 1309 4838 ‘'iso„
