<?xml version="1.0" encoding="UTF-8"?>
<!DOCTYPE html PUBLIC "-//W3C//DTD XHTML 1.0 Transitional//EN"
    "http://www.w3.org/TR/xhtml1/DTD/xhtml1-transitional.dtd">
<html xmlns="http://www.w3.org/1999/xhtml" xml:lang="en" lang="en">
 <head>
  <title>
</title>
<meta http-equiv="Content-Type" content="text/html;charset=utf-8" />
  <meta name='ocr-system' content='tesseract 3.04.00' />
  <meta name='ocr-capabilities' content='ocr_page ocr_carea ocr_par ocr_line ocrx_word'/>
</head>
<body>
  <div class='ocr_page' id='page_1' title='image "./corpusscriptoru14wiengoog_0783.png"; bbox 0 0 3009 5200; ppageno 0'>
   <div class='ocr_carea' id='block_1_1' title="bbox 544 430 830 488">
    <p class='ocr_par' dir='ltr' id='par_1_1' title="bbox 544 430 830 488">
     <span class='ocr_line' id='line_1_1' title="bbox 544 430 830 488; baseline -0.003 -1"><span class='ocrx_word' id='word_1_1' title='bbox 544 430 705 488; x_wconf 78' lang='lat' dir='ltr'>Conlstio</span> <span class='ocrx_word' id='word_1_2' title='bbox 727 431 830 488; x_wconf 87' lang='lat' dir='ltr'>XXIII.</span> 
     </span>
    </p>
   </div>
   <div class='ocr_carea' id='block_1_2' title="bbox 152 1079 1217 1404">
    <p class='ocr_par' dir='ltr' id='par_1_2' title="bbox 152 1079 1217 1404">
     <span class='ocr_line' id='line_1_2' title="bbox 617 1079 751 1164; baseline -0.015 0"><span class='ocrx_word' id='word_1_3' title='bbox 617 1079 751 1164; x_wconf 87' lang='lat' dir='ltr'>XXIII.</span> 
     </span>
     <span class='ocr_line' id='line_1_3' title="bbox 152 1301 1217 1404; baseline -0.006 -1"><span class='ocrx_word' id='word_1_4' title='bbox 152 1301 418 1404; x_wconf 72' lang='lat' dir='ltr'>susurrio</span> <span class='ocrx_word' id='word_1_5' title='bbox 450 1303 686 1401; x_wconf 81' lang='lat' dir='ltr'>ABBATIS</span> <span class='ocrx_word' id='word_1_6' title='bbox 719 1301 979 1402; x_wconf 82' lang='grc' dir='ltr'><strong>ΤΗΕΟΝΑΕ</strong></span> <span class='ocrx_word' id='word_1_7' title='bbox 1011 1303 1217 1400; x_wconf 77' lang='lat' dir='ltr'>TERTIA.</span> 
     </span>
    </p>
   </div>
   <div class='ocr_carea' id='block_1_3' title="bbox 495 1524 874 1592">
    <p class='ocr_par' dir='ltr' id='par_1_3' title="bbox 495 1524 874 1592">
     <span class='ocr_line' id='line_1_4' title="bbox 495 1524 874 1592; baseline -0.003 -1"><span class='ocrx_word' id='word_1_8' title='bbox 495 1527 549 1591; x_wconf 80' lang='lat' dir='ltr'>Du</span> <span class='ocrx_word' id='word_1_9' title='bbox 572 1524 874 1592; x_wconf 75' lang='lat' dir='ltr'>ANAMARTIITO.</span> 
     </span>
    </p>
   </div>
   <div class='ocr_carea' id='block_1_4' title="bbox 562 1739 807 1833">
    <p class='ocr_par' dir='ltr' id='par_1_4' title="bbox 562 1739 807 1833">
     <span class='ocr_line' id='line_1_5' title="bbox 562 1739 807 1833; baseline -0.012 0"><span class='ocrx_word' id='word_1_10' title='bbox 562 1739 807 1833; x_wconf 69' lang='lat' dir='ltr'>curruum.</span> 
     </span>
    </p>
   </div>
   <div class='ocr_carea' id='block_1_5' title="bbox 86 1921 1243 3142">
    <p class='ocr_par' dir='ltr' id='par_1_5' title="bbox 86 1921 1243 3142">
     <span class='ocr_line' id='line_1_6' title="bbox 98 1921 1242 2007; baseline -0.002 -19"><span class='ocrx_word' id='word_1_11' title='bbox 98 1949 112 1988; x_wconf 83' lang='lat' dir='ltr'>s</span> <span class='ocrx_word' id='word_1_12' title='bbox 241 1923 268 1988; x_wconf 90' lang='grc' dir='ltr'>Ι.</span> <span class='ocrx_word' id='word_1_13' title='bbox 292 1921 469 2007; x_wconf 79' lang='lat' dir='ltr'><strong>Disputatio</strong></span> <span class='ocrx_word' id='word_1_14' title='bbox 508 1922 627 1988; x_wconf 82' lang='lat' dir='ltr'>abbatis</span> <span class='ocrx_word' id='word_1_15' title='bbox 661 1923 802 1988; x_wconf 84' lang='lat' dir='ltr'>&#39;Iheenue</span> <span class='ocrx_word' id='word_1_16' title='bbox 836 1923 873 1986; x_wconf 87' lang='lat' dir='ltr'>de</span> <span class='ocrx_word' id='word_1_17' title='bbox 906 1942 940 1987; x_wconf 86' lang='lat' dir='ltr'>ee</span> <span class='ocrx_word' id='word_1_18' title='bbox 974 1921 1055 2004; x_wconf 87' lang='lat' dir='ltr'>quod</span> <span class='ocrx_word' id='word_1_19' title='bbox 1088 1923 1242 2004; x_wconf 80' lang='lat' dir='ltr'>aposlolus</span> 
     </span>
     <span class='ocr_line' id='line_1_7' title="bbox 290 2024 1130 2108; baseline -0.002 -16"><span class='ocrx_word' id='word_1_20' title='bbox 290 2027 380 2092; x_wconf 86' lang='lat' dir='ltr'>dieit:</span> <span class='ocrx_word' id='word_1_21' title='bbox 405 2044 477 2091; x_wconf 88' lang='lat' dir='ltr'>nou</span> <span class='ocrx_word' id='word_1_22' title='bbox 500 2026 718 2108; x_wconf 85' lang='lat' dir='ltr'>enim-qued</span> <span class='ocrx_word' id='word_1_23' title='bbox 742 2027 832 2091; x_wconf 87' lang='lat' dir='ltr'>uelo</span> <span class='ocrx_word' id='word_1_24' title='bbox 855 2024 958 2091; x_wconf 82' lang='lat' dir='ltr'>faeie</span> <span class='ocrx_word' id='word_1_25' title='bbox 981 2028 1130 2091; x_wconf 89' lang='lat' dir='ltr'>benum.</span> 
     </span>
     <span class='ocr_line' id='line_1_8' title="bbox 226 2127 1167 2210; baseline -0.001 -16"><span class='ocrx_word' id='word_1_26' title='bbox 226 2131 267 2195; x_wconf 92' lang='lat' dir='ltr'>ll.</span> <span class='ocrx_word' id='word_1_27' title='bbox 290 2129 393 2196; x_wconf 81' lang='lat' dir='ltr'>Mults</span> <span class='ocrx_word' id='word_1_28' title='bbox 415 2127 495 2194; x_wconf 83' lang='lat' dir='ltr'>boue</span> <span class='ocrx_word' id='word_1_29' title='bbox 516 2129 688 2210; x_wconf 73' lang='lat' dir='ltr'>apostolum</span> <span class='ocrx_word' id='word_1_30' title='bbox 711 2146 947 2194; x_wconf 80' lang='lat' dir='ltr'>consummasse.</span> <span class='ocrx_word' id='word_1_31' title='bbox 1160 2133 1167 2144; x_wconf 88' lang='grc'><strong>’</strong></span> 
     </span>
     <span class='ocr_line' id='line_1_9' title="bbox 205 2231 1241 2314; baseline -0.003 -16"><span class='ocrx_word' id='word_1_32' title='bbox 205 2235 265 2298; x_wconf 92' lang='lat' dir='ltr'>III.</span> <span class='ocrx_word' id='word_1_33' title='bbox 290 2233 371 2313; x_wconf 82' lang='lat' dir='ltr'>Quid</span> <span class='ocrx_word' id='word_1_34' title='bbox 401 2233 442 2296; x_wconf 85' lang='lat' dir='ltr'>sil</span> <span class='ocrx_word' id='word_1_35' title='bbox 471 2251 541 2296; x_wconf 87' lang='lat' dir='ltr'>uere</span> <span class='ocrx_word' id='word_1_36' title='bbox 568 2234 693 2314; x_wconf 89' lang='lat' dir='ltr'>bouum,</span> <span class='ocrx_word' id='word_1_37' title='bbox 724 2231 805 2314; x_wconf 89' lang='lat' dir='ltr'>quod</span> <span class='ocrx_word' id='word_1_38' title='bbox 833 2231 991 2314; x_wconf 84' lang='lat' dir='ltr'>aposlolus</span> <span class='ocrx_word' id='word_1_39' title='bbox 1020 2234 1241 2314; x_wconf 78' lang='lat' dir='ltr'>semetipsum</span> 
     </span>
     <span class='ocr_line' id='line_1_10' title="bbox 289 2335 796 2418; baseline -0.006 -18"><span class='ocrx_word' id='word_1_40' title='bbox 289 2335 434 2418; x_wconf 82' lang='lat' dir='ltr'>perlicere</span> <span class='ocrx_word' id='word_1_41' title='bbox 457 2353 517 2400; x_wconf 87' lang='lat' dir='ltr'>nen</span> <span class='ocrx_word' id='word_1_42' title='bbox 538 2353 627 2418; x_wconf 88' lang='lat' dir='ltr'>pesse</span> <span class='ocrx_word' id='word_1_43' title='bbox 649 2336 796 2399; x_wconf 73' lang='lat' dir='ltr'>testatur.</span> 
     </span>
     <span class='ocr_line' id='line_1_11' title="bbox 87 2437 1241 2522; baseline -0.001 -19"><span class='ocrx_word' id='word_1_44' title='bbox 87 2467 113 2505; x_wconf 83' lang='grc' dir='ltr'>ιο</span> <span class='ocrx_word' id='word_1_45' title='bbox 190 2441 267 2505; x_wconf 90' lang='lat' dir='ltr'>llll.</span> <span class='ocrx_word' id='word_1_46' title='bbox 290 2439 469 2504; x_wconf 82' lang='lat' dir='ltr'>Bonitetem</span> <span class='ocrx_word' id='word_1_47' title='bbox 485 2437 654 2504; x_wconf 81' lang='lat' dir='ltr'>humanum</span> <span class='ocrx_word' id='word_1_48' title='bbox 675 2443 768 2522; x_wconf 85' lang='lat' dir='ltr'>etque</span> <span class='ocrx_word' id='word_1_49' title='bbox 791 2439 944 2504; x_wconf 80' lang='lat' dir='ltr'>iustitium</span> <span class='ocrx_word' id='word_1_50' title='bbox 961 2458 1019 2503; x_wconf 86' lang='lat' dir='ltr'>neu</span> <span class='ocrx_word' id='word_1_51' title='bbox 1037 2457 1104 2503; x_wconf 89' lang='lat' dir='ltr'>esse</span> <span class='ocrx_word' id='word_1_52' title='bbox 1119 2438 1241 2513; x_wconf 81' lang='lat' dir='ltr'>bouum,</span> 
     </span>
     <span class='ocr_line' id='line_1_12' title="bbox 289 2541 1056 2608; baseline 0.001 -2"><span class='ocrx_word' id='word_1_53' title='bbox 289 2541 465 2607; x_wconf 81' lang='lat' dir='ltr'>sruiuinse</span> <span class='ocrx_word' id='word_1_54' title='bbox 488 2542 622 2608; x_wconf 81' lang='lat' dir='ltr'>bonitati</span> <span class='ocrx_word' id='word_1_55' title='bbox 645 2561 680 2607; x_wconf 86' lang='lat' dir='ltr'>ue</span> <span class='ocrx_word' id='word_1_56' title='bbox 702 2542 841 2608; x_wconf 71' lang='lat' dir='ltr'>iustiliae</span> <span class='ocrx_word' id='word_1_57' title='bbox 870 2543 1056 2608; x_wconf 80' lang='lat' dir='ltr'>conferetur.</span> 
     </span>
     <span class='ocr_line' id='line_1_13' title="bbox 227 2644 1243 2729; baseline 0 -20"><span class='ocrx_word' id='word_1_58' title='bbox 227 2645 265 2709; x_wconf 83' lang='lat' dir='ltr'>V.</span> <span class='ocrx_word' id='word_1_59' title='bbox 288 2644 452 2711; x_wconf 80' lang='lat' dir='ltr'><strong>Neminem</strong></span> <span class='ocrx_word' id='word_1_60' title='bbox 489 2663 610 2711; x_wconf 88' lang='lat' dir='ltr'>summe</span> <span class='ocrx_word' id='word_1_61' title='bbox 643 2646 691 2710; x_wconf 88' lang='lat' dir='ltr'>illi</span> <span class='ocrx_word' id='word_1_62' title='bbox 723 2646 803 2713; x_wconf 83' lang='lat' dir='ltr'>bono</span> <span class='ocrx_word' id='word_1_63' title='bbox 837 2647 992 2711; x_wconf 77' lang='lat' dir='ltr'>intentum</span> <span class='ocrx_word' id='word_1_64' title='bbox 1026 2664 1092 2713; x_wconf 89' lang='lat' dir='ltr'>esse</span> <span class='ocrx_word' id='word_1_65' title='bbox 1127 2646 1243 2729; x_wconf 74' lang='lat' dir='ltr'>iugiter</span> 
     </span>
     <span class='ocr_line' id='line_1_14' title="bbox 288 2768 387 2832; baseline 0.03 -19"><span class='ocrx_word' id='word_1_66' title='bbox 288 2768 387 2832; x_wconf 87' lang='lat' dir='ltr'>pesse.</span> 
     </span>
     <span class='ocr_line' id='line_1_15' title="bbox 210 2851 1242 2949; baseline 0.001 -34"><span class='ocrx_word' id='word_1_67' title='bbox 210 2852 263 2917; x_wconf 89' lang='lat' dir='ltr'>VI.</span> <span class='ocrx_word' id='word_1_68' title='bbox 288 2851 374 2931; x_wconf 81' lang='lat' dir='ltr'>Quod</span> <span class='ocrx_word' id='word_1_69' title='bbox 396 2852 491 2949; x_wconf 87' lang='lat' dir='ltr'>lippis</span> <span class='ocrx_word' id='word_1_70' title='bbox 514 2852 631 2917; x_wconf 87' lang='lat' dir='ltr'>simile&#39;s</span> <span class='ocrx_word' id='word_1_71' title='bbox 661 2854 723 2917; x_wconf 78' lang='lat' dir='ltr'>siut</span> <span class='ocrx_word' id='word_1_72' title='bbox 745 2852 779 2916; x_wconf 92' lang='lat' dir='ltr'>hi</span> <span class='ocrx_word' id='word_1_73' title='bbox 801 2852 854 2935; x_wconf 86' lang='lat' dir='ltr'>qui</span> <span class='ocrx_word' id='word_1_74' title='bbox 877 2871 910 2916; x_wconf 89' lang='lat' dir='ltr'>se</span> <span class='ocrx_word' id='word_1_75' title='bbox 933 2852 1065 2916; x_wconf 77' lang='lat' dir='ltr'>eredunt</span> <span class='ocrx_word' id='word_1_76' title='bbox 1087 2871 1153 2917; x_wconf 87' lang='lat' dir='ltr'>esse</span> <span class='ocrx_word' id='word_1_77' title='bbox 1176 2851 1242 2916; x_wconf 84' lang='lat' dir='ltr'>siue</span> 
     </span>
     <span class='ocr_line' id='line_1_16' title="bbox 86 2940 1217 3040; baseline 0.006 -21"><span class='ocrx_word' id='word_1_78' title='bbox 86 2981 110 3019; x_wconf 81' lang='lat' dir='ltr'>rs</span> <span class='ocrx_word' id='word_1_79' title='bbox 287 2959 421 3040; x_wconf 80' lang='lat' dir='ltr'>peceato.</span> <span class='ocrx_word' id='word_1_80' title='bbox 1213 2940 1217 2949; x_wconf 40' lang='lat'><em>¹</em></span> 
     </span>
     <span class='ocr_line' id='line_1_17' title="bbox 196 3044 1241 3142; baseline 0 -19"><span class='ocrx_word' id='word_1_81' title='bbox 196 3056 265 3125; x_wconf 87' lang='lat' dir='ltr'>VII.</span> <span class='ocrx_word' id='word_1_82' title='bbox 289 3059 377 3140; x_wconf 81' lang='lat' dir='ltr'>Quod</span> <span class='ocrx_word' id='word_1_83' title='bbox 405 3059 448 3136; x_wconf 79' lang='lat' dir='ltr'>hi,</span> <span class='ocrx_word' id='word_1_84' title='bbox 478 3060 530 3140; x_wconf 88' lang='lat' dir='ltr'>qui</span> <span class='ocrx_word' id='word_1_85' title='bbox 559 3044 761 3142; x_wconf 74' lang='lat' dir='ltr'>pronuntiant</span> <span class='ocrx_word' id='word_1_86' title='bbox 789 3078 856 3123; x_wconf 89' lang='lat' dir='ltr'>esse</span> <span class='ocrx_word' id='word_1_87' title='bbox 884 3058 1041 3123; x_wconf 89' lang='lat' dir='ltr'>homiuem</span> <span class='ocrx_word' id='word_1_88' title='bbox 1064 3077 1153 3141; x_wconf 88' lang='lat' dir='ltr'>posse</span> <span class='ocrx_word' id='word_1_89' title='bbox 1175 3059 1241 3123; x_wconf 83' lang='lat' dir='ltr'>siue</span> 
     </span>
    </p>
   </div>
   <div class='ocr_carea' id='block_1_6' title="bbox 83 3161 1240 3658">
    <p class='ocr_par' dir='ltr' id='par_1_6' title="bbox 83 3161 1240 3658">
     <span class='ocr_line' id='line_1_18' title="bbox 287 3161 985 3245; baseline -0.004 -19"><span class='ocrx_word' id='word_1_90' title='bbox 287 3163 421 3244; x_wconf 79' lang='lat' dir='ltr'>peseslo,</span> <span class='ocrx_word' id='word_1_91' title='bbox 443 3161 562 3244; x_wconf 77' lang='lat' dir='ltr'>duplici</span> <span class='ocrx_word' id='word_1_92' title='bbox 584 3162 617 3225; x_wconf 88' lang='lat' dir='ltr'>in</span> <span class='ocrx_word' id='word_1_93' title='bbox 639 3162 697 3225; x_wconf 86' lang='lat' dir='ltr'>hoe</span> <span class='ocrx_word' id='word_1_94' title='bbox 718 3164 852 3245; x_wconf 83' lang='lat' dir='ltr'>aguntur</span> <span class='ocrx_word' id='word_1_95' title='bbox 875 3179 985 3226; x_wconf 87' lang='lat' dir='ltr'>errore.</span> 
     </span>
     <span class='ocr_line' id='line_1_19' title="bbox 176 3262 1022 3347; baseline 0.007 -24"><span class='ocrx_word' id='word_1_96' title='bbox 176 3262 263 3327; x_wconf 88' lang='lat' dir='ltr'>VIII.</span> <span class='ocrx_word' id='word_1_97' title='bbox 287 3262 374 3341; x_wconf 82' lang='lat' dir='ltr'>Quod</span> <span class='ocrx_word' id='word_1_98' title='bbox 395 3282 561 3347; x_wconf 86' lang='lat' dir='ltr'>psuesrum</span> <span class='ocrx_word' id='word_1_99' title='bbox 584 3265 628 3329; x_wconf 81' lang='lat' dir='ltr'>sil</span> <span class='ocrx_word' id='word_1_100' title='bbox 649 3265 830 3347; x_wconf 80' lang='lat' dir='ltr'>intellegere</span> <span class='ocrx_word' id='word_1_101' title='bbox 852 3269 989 3347; x_wconf 76' lang='lat' dir='ltr'>peeesle.</span> <span class='ocrx_word' id='word_1_102' title='bbox 1018 3268 1022 3277; x_wconf 85' lang='grc'><strong>’</strong></span> 
     </span>
     <span class='ocr_line' id='line_1_20' title="bbox 157 3366 1239 3445; baseline 0.001 -16"><span class='ocrx_word' id='word_1_103' title='bbox 157 3366 263 3431; x_wconf 87' lang='lat' dir='ltr'>VIIII.</span> <span class='ocrx_word' id='word_1_104' title='bbox 288 3366 355 3445; x_wconf 80' lang='lat' dir='ltr'>Qus</span> <span class='ocrx_word' id='word_1_105' title='bbox 366 3370 508 3433; x_wconf 78' lang='lat' dir='ltr'>cautione</span> <span class='ocrx_word' id='word_1_106' title='bbox 520 3369 701 3433; x_wconf 86' lang='lat' dir='ltr'>memorium</span> <span class='ocrx_word' id='word_1_107' title='bbox 713 3368 763 3433; x_wconf 90' lang='lat' dir='ltr'>dei</span> <span class='ocrx_word' id='word_1_108' title='bbox 775 3369 943 3433; x_wconf 85' lang='lat' dir='ltr'>meusehus</span> <span class='ocrx_word' id='word_1_109' title='bbox 955 3368 1064 3433; x_wconf 80' lang='lat' dir='ltr'>debeat</span> <span class='ocrx_word' id='word_1_110' title='bbox 1075 3368 1239 3433; x_wconf 73' lang='lat' dir='ltr'>custodire.</span> 
     </span>
     <span class='ocr_line' id='line_1_21' title="bbox 83 3468 1240 3554; baseline 0 -19"><span class='ocrx_word' id='word_1_111' title='bbox 83 3496 110 3535; x_wconf 75' lang='lat' dir='ltr'>se</span> <span class='ocrx_word' id='word_1_112' title='bbox 225 3468 264 3533; x_wconf 90' lang='lat' dir='ltr'>X.</span> <span class='ocrx_word' id='word_1_113' title='bbox 288 3468 376 3549; x_wconf 79' lang='lat' dir='ltr'>Quod</span> <span class='ocrx_word' id='word_1_114' title='bbox 409 3472 441 3535; x_wconf 83' lang='lat' dir='ltr'>lui</span> <span class='ocrx_word' id='word_1_115' title='bbox 473 3471 525 3553; x_wconf 91' lang='lat' dir='ltr'>qui</span> <span class='ocrx_word' id='word_1_116' title='bbox 553 3472 592 3538; x_wconf 85' lang='lat' dir='ltr'>sd</span> <span class='ocrx_word' id='word_1_117' title='bbox 625 3472 847 3554; x_wconf 74' lang='lat' dir='ltr'>perfeetiouem</span> <span class='ocrx_word' id='word_1_118' title='bbox 879 3470 1014 3536; x_wconf 75' lang='lat' dir='ltr'>leuduni</span> <span class='ocrx_word' id='word_1_119' title='bbox 1041 3471 1074 3535; x_wconf 92' lang='lat' dir='ltr'>iu</span> <span class='ocrx_word' id='word_1_120' title='bbox 1107 3470 1240 3535; x_wconf 74' lang='lat' dir='ltr'>ueritate</span> 
     </span>
     <span class='ocr_line' id='line_1_22' title="bbox 287 3572 1238 3658; baseline 0.001 -22"><span class='ocrx_word' id='word_1_121' title='bbox 287 3573 490 3639; x_wconf 79' lang='lat' dir='ltr'>humilientur</span> <span class='ocrx_word' id='word_1_122' title='bbox 512 3576 544 3638; x_wconf 82' lang='lat' dir='ltr'>el</span> <span class='ocrx_word' id='word_1_123' title='bbox 566 3575 616 3639; x_wconf 91' lang='lat' dir='ltr'>dei</span> <span class='ocrx_word' id='word_1_124' title='bbox 635 3575 737 3658; x_wconf 82' lang='lat' dir='ltr'>gretia</span> <span class='ocrx_word' id='word_1_125' title='bbox 752 3592 872 3655; x_wconf 87' lang='lat' dir='ltr'>semper</span> <span class='ocrx_word' id='word_1_126' title='bbox 887 3593 921 3639; x_wconf 87' lang='lat' dir='ltr'>se</span> <span class='ocrx_word' id='word_1_127' title='bbox 936 3573 1075 3640; x_wconf 77' lang='lat' dir='ltr'>sentient</span> <span class='ocrx_word' id='word_1_128' title='bbox 1089 3572 1238 3655; x_wconf 85' lang='lat' dir='ltr'>indigere.</span> 
     </span>
    </p>
   </div>
   <div class='ocr_carea' id='block_1_7' title="bbox 225 3756 431 3821">
    <p class='ocr_par' dir='ltr' id='par_1_7' title="bbox 225 3756 431 3821">
     <span class='ocr_line' id='line_1_23' title="bbox 225 3756 431 3821; baseline 0.01 -12"><span class='ocrx_word' id='word_1_129' title='bbox 225 3756 241 3809; x_wconf 87' lang='lat'><strong>6</strong></span> <span class='ocrx_word' id='word_1_130' title='bbox 260 3756 336 3810; x_wconf 84' lang='lat' dir='ltr'>Rom.</span> <span class='ocrx_word' id='word_1_131' title='bbox 356 3758 379 3821; x_wconf 77' lang='lat'>7,</span> <span class='ocrx_word' id='word_1_132' title='bbox 400 3758 431 3811; x_wconf 87' lang='grc'>19</span> 
     </span>
    </p>
   </div>
   <div class='ocr_carea' id='block_1_8' title="bbox 114 3926 1248 4423">
    <p class='ocr_par' dir='ltr' id='par_1_8' title="bbox 114 3926 1248 4423">
     <span class='ocr_line' id='line_1_24' title="bbox 172 3926 1248 3998; baseline 0.002 -19"><span class='ocrx_word' id='word_1_133' title='bbox 172 3926 344 3995; x_wconf 70' lang='lat' dir='ltr'>&#39;Inpostolus</span> <span class='ocrx_word' id='word_1_134' title='bbox 362 3928 420 3983; x_wconf 81' lang='lat' dir='ltr'>BF</span> <span class='ocrx_word' id='word_1_135' title='bbox 510 3930 543 3983; x_wconf 92' lang='grc'>10</span> <span class='ocrx_word' id='word_1_136' title='bbox 559 3931 644 3998; x_wconf 77' lang='lat' dir='ltr'>adque</span> <span class='ocrx_word' id='word_1_137' title='bbox 661 3930 687 3983; x_wconf 88' lang='lat' dir='ltr'><em>B</em></span> <span class='ocrx_word' id='word_1_138' title='bbox 783 3932 815 3985; x_wconf 86' lang='lat'>11</span> <span class='ocrx_word' id='word_1_139' title='bbox 832 3930 927 3985; x_wconf 89' lang='lat' dir='ltr'>nisiO</span> <span class='ocrx_word' id='word_1_140' title='bbox 1020 3945 1073 3984; x_wconf 85' lang='lat' dir='ltr'>uon</span> <span class='ocrx_word' id='word_1_141' title='bbox 1090 3929 1248 3985; x_wconf 72' lang='lat' dir='ltr'>sumeretur·</span> 
     </span>
     <span class='ocr_line' id='line_1_25' title="bbox 117 4013 1240 4083; baseline 0.002 -16"><span class='ocrx_word' id='word_1_142' title='bbox 117 4014 146 4067; x_wconf 92' lang='lat' dir='ltr'><strong><em>B</em></strong></span> <span class='ocrx_word' id='word_1_143' title='bbox 173 4013 379 4083; x_wconf 63' lang='lat' dir='ltr'>senlersumrss</span> <span class='ocrx_word' id='word_1_144' title='bbox 474 4016 506 4069; x_wconf 78' lang='lat'>12</span> <span class='ocrx_word' id='word_1_145' title='bbox 524 4016 616 4071; x_wconf 86' lang='lat' dir='ltr'>r1100</span> <span class='ocrx_word' id='word_1_146' title='bbox 710 4018 742 4071; x_wconf 82' lang='lat'>14</span> <span class='ocrx_word' id='word_1_147' title='bbox 760 4018 858 4071; x_wconf 87' lang='lat' dir='ltr'>similis</span> <span class='ocrx_word' id='word_1_148' title='bbox 875 4017 916 4071; x_wconf 76' lang='grc' dir='ltr'>Κι</span> <span class='ocrx_word' id='word_1_149' title='bbox 1010 4018 1067 4071; x_wconf 80' lang='lat' dir='ltr'>siut</span> <span class='ocrx_word' id='word_1_150' title='bbox 1083 4015 1149 4071; x_wconf 81' lang='lat' dir='ltr'>FO:</span> <span class='ocrx_word' id='word_1_151' title='bbox 1176 4020 1240 4069; x_wconf 80' lang='lat' dir='ltr'>suut</span> 
     </span>
     <span class='ocr_line' id='line_1_26' title="bbox 115 4098 1240 4172; baseline 0.004 -21"><span class='ocrx_word' id='word_1_152' title='bbox 115 4098 178 4152; x_wconf 76' lang='lat' dir='ltr'>rell.</span> <span class='ocrx_word' id='word_1_153' title='bbox 257 4098 296 4153; x_wconf 91' lang='lat' dir='ltr'>hii</span> <span class='ocrx_word' id='word_1_154' title='bbox 314 4099 389 4154; x_wconf 74' lang='lat' dir='ltr'>codd.</span> <span class='ocrx_word' id='word_1_155' title='bbox 472 4102 503 4155; x_wconf 89' lang='lat'>16</span> <span class='ocrx_word' id='word_1_156' title='bbox 521 4101 560 4155; x_wconf 89' lang='lat' dir='ltr'>hii</span> <span class='ocrx_word' id='word_1_157' title='bbox 578 4102 655 4157; x_wconf 79' lang='lat' dir='ltr'>codd.</span> <span class='ocrx_word' id='word_1_158' title='bbox 733 4118 807 4171; x_wconf 86' lang='lat' dir='ltr'>pesse</span> <span class='ocrx_word' id='word_1_159' title='bbox 824 4102 994 4172; x_wconf 68' lang='lat' dir='ltr'>homiusmfl</span> <span class='ocrx_word' id='word_1_160' title='bbox 1073 4103 1103 4155; x_wconf 78' lang='lat' dir='ltr'>Il</span> <span class='ocrx_word' id='word_1_161' title='bbox 1121 4106 1240 4171; x_wconf 67' lang='lat' dir='ltr'>sgnum</span> 
     </span>
     <span class='ocr_line' id='line_1_27' title="bbox 118 4184 1240 4258; baseline 0.004 -21"><span class='ocrx_word' id='word_1_162' title='bbox 118 4184 143 4238; x_wconf 90' lang='lat'><em>0</em></span> <span class='ocrx_word' id='word_1_163' title='bbox 241 4186 273 4238; x_wconf 88' lang='lat'>18</span> <span class='ocrx_word' id='word_1_164' title='bbox 291 4184 365 4238; x_wconf 83' lang='lat' dir='ltr'>vm.</span> <span class='ocrx_word' id='word_1_165' title='bbox 392 4185 468 4253; x_wconf 80' lang='lat' dir='ltr'>Quod</span> <span class='ocrx_word' id='word_1_166' title='bbox 485 4188 523 4241; x_wconf 88' lang='lat' dir='ltr'>hii</span> <span class='ocrx_word' id='word_1_167' title='bbox 541 4188 587 4256; x_wconf 87' lang='lat' dir='ltr'>qui</span> <span class='ocrx_word' id='word_1_168' title='bbox 606 4190 781 4255; x_wconf 76' lang='lat' dir='ltr'>pronuntient</span> <span class='ocrx_word' id='word_1_169' title='bbox 797 4204 854 4243; x_wconf 86' lang='lat' dir='ltr'>esse</span> <span class='ocrx_word' id='word_1_170' title='bbox 870 4192 978 4258; x_wconf 70' lang='lat' dir='ltr'>possete</span> <span class='ocrx_word' id='word_1_171' title='bbox 995 4189 1070 4256; x_wconf 75' lang='lat' dir='ltr'>(elul)</span> <span class='ocrx_word' id='word_1_172' title='bbox 1086 4189 1117 4257; x_wconf 71' lang='grc' dir='ltr'>βε</span> <span class='ocrx_word' id='word_1_173' title='bbox 1143 4205 1240 4257; x_wconf 61' lang='lat' dir='ltr'>paupe</span> 
     </span>
     <span class='ocr_line' id='line_1_28' title="bbox 116 4270 1240 4345; baseline 0.007 -22"><span class='ocrx_word' id='word_1_174' title='bbox 116 4270 254 4324; x_wconf 62' lang='lat' dir='ltr'>libremus</span> <span class='ocrx_word' id='word_1_175' title='bbox 271 4270 451 4326; x_wconf 72' lang='lat' dir='ltr'>aberrasses-at</span> <span class='ocrx_word' id='word_1_176' title='bbox 469 4273 505 4327; x_wconf 81' lang='lat' dir='ltr'>ael</span> <span class='ocrx_word' id='word_1_177' title='bbox 522 4288 581 4342; x_wconf 79' lang='lat' dir='ltr'>cap.</span> <span class='ocrx_word' id='word_1_178' title='bbox 601 4278 617 4327; x_wconf 82' lang='lat'><em>7</em></span> <span class='ocrx_word' id='word_1_179' title='bbox 715 4275 749 4329; x_wconf 84' lang='lat'>20</span> <span class='ocrx_word' id='word_1_180' title='bbox 767 4274 807 4328; x_wconf 88' lang='lat' dir='ltr'>hii</span> <span class='ocrx_word' id='word_1_181' title='bbox 824 4274 900 4330; x_wconf 73' lang='lat' dir='ltr'>could.</span> <span class='ocrx_word' id='word_1_182' title='bbox 998 4276 1030 4331; x_wconf 85' lang='lat'>21</span> <span class='ocrx_word' id='word_1_183' title='bbox 1049 4292 1077 4329; x_wconf 91' lang='lat' dir='ltr'>se</span> <span class='ocrx_word' id='word_1_184' title='bbox 1093 4291 1196 4345; x_wconf 85' lang='lat' dir='ltr'>semper</span> <span class='ocrx_word' id='word_1_185' title='bbox 1213 4278 1240 4331; x_wconf 90' lang='lat' dir='ltr'><em>B</em></span> 
     </span>
     <span class='ocr_line' id='line_1_29' title="bbox 114 4358 761 4423; baseline 0.012 -17"><span class='ocrx_word' id='word_1_186' title='bbox 114 4360 185 4407; x_wconf 74' lang='lat' dir='ltr'>ante</span> <span class='ocrx_word' id='word_1_187' title='bbox 204 4370 306 4423; x_wconf 88' lang='lat' dir='ltr'>semper</span> <span class='ocrx_word' id='word_1_188' title='bbox 324 4372 426 4411; x_wconf 77' lang='lat' dir='ltr'>rasura</span> <span class='ocrx_word' id='word_1_189' title='bbox 444 4358 474 4411; x_wconf 81' lang='lat' dir='ltr'>r&#39;n</span> <span class='ocrx_word' id='word_1_190' title='bbox 492 4358 521 4411; x_wconf 86' lang='lat' dir='ltr'><em>F</em></span> <span class='ocrx_word' id='word_1_191' title='bbox 622 4374 649 4412; x_wconf 91' lang='lat' dir='ltr'>se</span> <span class='ocrx_word' id='word_1_192' title='bbox 667 4375 716 4413; x_wconf 87' lang='lat' dir='ltr'>um.</span> <span class='ocrx_word' id='word_1_193' title='bbox 737 4359 761 4415; x_wconf 88' lang='grc' dir='ltr'><em>Ο</em></span> 
     </span>
    </p>
   </div>
   <div class='ocr_carea' id='block_1_9' title="bbox 0 0 1510 5200">
    <p class='ocr_par' dir='ltr' id='par_1_9' title="bbox 0 0 1510 5200">
     <span class='ocr_line' id='line_1_30' title="bbox 0 0 1510 5200; baseline 0 1"><span class='ocrx_word' id='word_1_194' title='bbox 0 0 1510 5200; x_wconf 95' lang='lat' dir='ltr'> </span> 
     </span>
    </p>
   </div>
  </div>
 </body>
</html>
