3009 5200
319 456 385 521 &2
712 452 873 507 lobannis
895 450 1052 507 Caaaiani

291 644 502 728 3qnouiam
524 644 738 707 exaudinit
759 643 943 707 dorninus
965 660 1097 709 uocern
1121 642 1249 707 lletus
1271 642 1355 707 nei.
1390 662 1450 707 uec

320 767 383 813 non
412 766 469 830 per
495 748 663 811 ciminum
690 747 914 811 muse-onem
947 764 1055 811 eorun
1087 746 1208 810 ablutio
1240 745 1448 810 eondmmr:

321 850 402 915 diri
435 853 536 915 eninr:
569 849 838 931 pronuntiabo
874 850 1066 914 aduersus
1101 868 1160 913 nee
1194 850 1449 914 iniustitiam

321 972 443 1019 :neam
475 953 650 1018 donnino:
673 963 710 1016 et
739 960 784 1017 tu
812 952 1012 1017 remisisti
1046 953 1283 1034 inpietatem
1315 954 1449 1017 cordis

322 1058 411 1135 nroi,
440 1062 473 1121 ct
500 1058 634 1121 iterum:
663 1074 782 1120 narra
810 1058 851 1119 tu
881 1055 1126 1138 iniquitates
1147 1060 1237 1120 tuas
1258 1058 1384 1138 prius,
1406 1062 1486 1121 uts

321 1159 579 1225 iustificeris.
618 1178 676 1241 per
706 1156 916 1223 addictionem
952 1176 1074 1241 qnoque
1111 1158 1213 1223 cordis
1245 1160 1279 1223 et
1310 1160 1450 1242 corporis

324 1264 531 1327 admiewrum
553 1263 705 1327 scelerum
726 1261 871 1326 renisio
886 1261 1035 1326 u'nuiliter
1048 1260 1222 1326 obtinetur:
1245 1280 1318 1327 narn
1340 1262 1447 1329 uide.

321 1368 433 1447 iuquit,
469 1366 747 1430 bumilitatem
783 1383 923 1441 meam,
957 1370 996 1429 et
1028 1366 1201 1430 laborem
1235 1384 1374 1431 meum:
1409 1374 1449 1429 et

320 1470 487 1534 dimitte
507 1466 638 1532 ornaia
658 1472 825 1548 peccata
844 1485 942 1548 ruea,
965 1468 1449 1551 praecipuequepererneudati-

320 1590 412 1671 oneng
443 1588 581 1635 nuum:
614 1570 791 1647 auferte,
823 1570 939 1653 inquit,
975 1570 1121 1635 nulum
1153 1571 1486 1654 cogitationumro

321 1679 546 1739 uestrarum
577 1672 624 1738 ab
658 1674 790 1739 oculis
824 1675 940 1739 meis:
977 1676 1175 1756 quiescite
1211 1693 1331 1756 agere
1366 1695 1448 1757 per-

320 1795 450 1852 uerse,
491 1777 635 1843 discite
680 1776 776 1841 bene
819 1776 970 1843 facere:
1014 1778 1198 1859 quaerite
1237 1778 1447 1850 iudicium,

319 1881 538 1947 subuenite
570 1882 775 1963 eborense,
811 1879 998 1946 iudicate
1028 1880 1210 1964 pupillo,
1245 1881 1447 1950 detendite

319 1987 487 2049 nidnaue
523 1984 563 2047 et
590 1984 740 2058 uenite,
770 1983 932 2066 arguite
960 2004 1034 2061 nie,
1063 1983 1163 2048 dicit
1183 1984 1385 2051 dominus:
1408 1990 1448 2047 et

318 2088 353 2151 ei
381 2086 537 2151 fuerint
564 2089 727 2169 peccata
756 2089 896 2151 uestra
923 2090 966 2152 ut
992 2088 1220 2169 coccinum,
1248 2088 1359 2153 uelut
1381 2089 1488 2157 uiris

318 2188 632 2255 dealbabuntur:
652 2190 687 2255 ei
709 2189 868 2254 fuerint
896 2188 1022 2255 rubra
1048 2191 1166 2271 quasi
1187 2190 1446 2267 corniculus,

290 2290 430 2358 luelut
458 2294 551 2359 lana
577 2295 719 2358 munda
747 2296 874 2357 eruut
917 2292 1075 2357 interdurn
1106 2291 1203 2359 otiam
1224 2293 1447 2359 interemeris

318 2401 499 2462 sanctorum
519 2398 694 2478 inpetratio
715 2396 809 2461 uenia
829 2395 1030 2461 delictorum:
1063 2396 1130 2479 qui
1160 2397 1245 2461 euim
1273 2400 1349 2462 scit
1370 2396 1446 2461 ira·

321 2506 425 2565 treur
445 2518 554 2564 suurn
575 2516 736 2583 peccaro
757 2500 962 2581 peceatum
983 2518 1057 2564 non
1074 2500 1122 2564 ad
1135 2504 1312 2573 mortem,
1326 2500 1447 2582 petit,

319 2609 361 2667 et
396 2604 512 2669 dabit
546 2604 583 2666 ei
614 2605 757 2681 uitam,
789 2607 973 2685 peccanti
1010 2622 1086 2669 uon
1120 2605 1169 2668 ad
1201 2609 1378 2682 mortem,
1415 2613 1489 2672 etan

319 2708 452 2772 iterum:
489 2706 725 2772 infirmatur
761 2708 853 2789 quie
889 2725 930 2772 eu
967 2705 1105 2771 nobie?
1141 2707 1307 2776 inducat
1342 2725 1446 2789 pres·

318 2810 482 2894 theros
511 2810 727 2888 ecclesiae,
757 2811 797 2874 et
825 2811 939 2875 orout
964 2827 1081 2890 super
1102 2827 1204 2889 ourn,
1225 2813 1447 2892 unguentes

319 2933 405 2979 euno
425 2913 510 2978 oleo
530 2915 573 2979 in
594 2915 748 2980 nomine
769 2912 929 2978 domini.
959 2914 1140 2978 storstio
1154 2911 1449 2977 lideisaluabit

318 3016 539 3095 infirmum,
560 3021 601 3080 et
622 3015 829 3081 alienabit
851 3035 936 3081 euru
966 3016 1165 3081 dorniuus:
1188 3017 1227 3080 ot
1247 3016 1281 3081 si
1302 3018 1341 3080 iu
1361 3033 1448 3097 pec-

289 3120 424 3188 beatis
458 3122 528 3195 eit,
564 3119 828 3185 dimittuntur
860 3120 905 3186 ei.
948 3137 1183 3202 nonnumquam
1213 3117 1490 3184 miserioordiaess

317 3241 356 3290 ac
376 3222 450 3288 lidei
471 3224 583 3288 nerito
605 3224 691 3288 labes
711 3223 892 3305 excoquitur
907 3223 1056 3288 uitiorum
1070 3223 1240 3288 secundum
1260 3221 1357 3288 illud:
1377 3239 1451 3302 per

420 3427 702 3496 crastum)
781 3427 1108 3496 tlt-damn)
1187 3427 1377 3492 treats

319 3512 355 3568 10
378 3513 451 3567 Faai.
477 3514 503 3578 1,
525 3514 629 3569 16-18
731 3513 767 3569 18
792 3513 881 3568 llob.
904 3517 929 3580 5,
952 3516 987 3569 lc
1088 3515 1121 3570 21
1149 3515 1204 3570 lac.
1226 3516 1251 3580 5,
1274 3514 1378 3568 11-15

317 3598 561 3666 Μοιᾙὶ

371 3785 387 3838 1
410 3785 545 3856 quouiaur]
562 3791 627 3856 qdrn
645 3787 674 3853 (i
691 3801 714 3840 e
732 3787 870 3856 quoniam)
893 3787 921 3841 B
1022 3789 1040 3840 2
1062 3786 1178 3841 abolitio
1203 3785 1282 3855 O‘dr
1383 3803 1451 3841 oon·

318 3871 423 3926 ceditur
438 3871 478 3941 dc
579 3872 757 3926 daduereuun
775 3871 821 3928 Oe
916 3873 934 3926 1
952 3869 1098 3942 inpietate
1114 3871 1146 3926 F
1239 3871 1349 3940 corin:
1365 3869 1452 3926 ΒΕΘ

319 3959 445 4029 (πρῶτον
460 3957 519 4012 eod.
535 3957 663 4027 Binaiti:
687 3957 791 4027 primun
807 3959 937 4030 (πρᾶτος)
955 3958 995 4027 dn
1086 3959 1105 4012 6
1121 3958 1209 4013 cordia
1227 3973 1331 4028 quoque
1349 3957 1377 4011 Β

320 4041 487 4112 'leptinetur
498 4043 562 4097 132²
644 4043 770 4112 dinquid
781 4042 908 4099 Pom
989 4044 1024 4098 1⁰
1034 4043 1128 4113 inquid
1139 4043 1261 4101 rom
1341 4045 1371 4096 ll
1387 4059 1450 4112 per-

320 4145 397 4182 uersa
413 4130 454 4184 B·
468 4135 502 4184 ert
518 4129 578 4185 reid.
673 4130 707 4184 14
724 4130 817 4183 uenite
833 4133 861 4183 et
877 4130 984 4198 arguite
1000 4131 1041 4200 dn
1136 4131 1168 4185 l'l
1185 4132 1262 4184 lanae
1280 4128 1451 4183 mundarunt

320 4213 360 4268 B·
445 4215 557 4285 munda]
574 4215 636 4270 alba
651 4231 682 4268 c:
709 4231 760 4269 oac
780 4213 826 4283 Οβ
911 4215 946 4268 19
962 4217 1037 4285 petat
1053 4215 1140 4272 B¹0n
1224 4216 1260 4269 20
1275 4215 1361 4270 uitarn
1379 4215 1450 4269 deus

322 4298 390 4367 Ode
464 4300 498 4354 21
510 4300 624 4369 presbit
637 4300 691 4355 ΒΖ
766 4299 984 4355 blalleuauitF
1057 4301 1280 4355 &dimittuntur
1290 4301 1332 4354 B:
1349 4300 1450 4354 dimit-

320 4387 412 4439 tentur
427 4386 521 4441 rollo
610 4387 645 4441 26
661 4386 732 4442 labis
750 4387 822 4441 ΡΖ
907 4388 1084 4457 exquoquitur
1099 4386 1154 4443 FO
1178 4387 1316 4457 exequitur
1333 4385 1376 4440 1¹
