3009 5200
507 423 667 481 Gouletio
691 423 756 489 xil,
772 423 848 481 t-tr
1174 422 1238 490 341

103 616 189 680 dem
219 614 310 680 solite
338 611 491 694 psallendi
520 613 734 678 modulatione
761 612 964 694 concinimus,
992 613 1142 677 uirtutem
1165 631 1237 678 uero

107 719 184 782 eius
218 735 280 782 nou
312 715 373 780 nisi
404 716 495 798 ponci
532 715 708 798 expertique
744 713 937 799 percipiunt:
975 715 1238 796 prouidebem

107 819 318 885 deminum
354 818 393 882 in
430 821 643 901 conspectu
681 835 762 883 meo
798 835 967 900 semper:
1005 819 1186 902 quonism
1221 837 1240 884 s

107 923 271 988 dextris
294 925 355 987 est
377 919 489 1000 mihi,
513 938 558 985 ne
580 936 816 986 conmoueer.
853 921 909 986 ille
929 922 1044 986 etenim
1066 923 1151 986 solus
1173 923 1239 986 uim

76 1047 95 1084 s
109 1029 214 1109 etque
244 1023 440 1090 intellectum
467 1023 560 1088 huius
587 1022 732 1089 terminis
762 1022 928 1089 efficaciter
961 1024 1156 1105 edsequetur‚
1185 1024 1240 1107 qui

110 1130 300 1212 peruenieus
330 1127 368 1192 ed
396 1127 491 1191 istem
519 1125 557 1190 de
587 1143 649 1208 que
669 1125 825 1208 loquimur
847 1127 983 1209 corporis
1004 1129 1096 1209 etque
1118 1126 1240 1192 enimes

110 1232 287 1314 puritatem
309 1228 521 1313 intellegitis
544 1230 664 1294 cunctis
685 1228 863 1307 momentis,
892 1248 931 1294 ne
953 1247 1060 1295 rursus
1076 1229 1116 1296 eb
1132 1229 1240 1295 eedem

108 1334 322 1410 demiretur,
358 1350 376 1397 e
409 1332 532 1396 domino
569 1330 744 1396 cousemeri
784 1331 968 1415 deruesque
1004 1349 1092 1414 sues,
1129 1331 1161 1398 id
1193 1332 1241 1398 est

111 1438 314 1521 operationes
349 1438 470 1501 sanctes
498 1436 538 1500 eb
569 1435 676 1499 eodem
713 1433 830 1518 iugiter
866 1435 1050 1500 conmuniri.
1096 1433 1272 1504 dominico

69 1541 204 1607 monim
233 1539 349 1604 senctis
379 1538 443 1603 suis
465 1556 527 1604 non
549 1556 568 1603 e
589 1537 734 1616 sinistris,
765 1539 839 1623 quie
861 1539 939 1605 nihil
961 1541 1055 1606 hebet
1077 1540 1241 1606 sinistrum

113 1644 168 1708 uir
194 1643 329 1720 sanctus,
352 1641 405 1706 sed
428 1641 587 1706 adextris
609 1659 730 1724 sempor
752 1640 886 1720 adsistit,
904 1661 923 1708 e
938 1642 1152 1725 peccetoribus
1168 1659 1241 1707 uero

112 1749 147 1810 et
179 1744 277 1827 inpiis
306 1762 366 1810 non
395 1743 531 1822 uidetur,
561 1743 634 1827 quie
661 1761 723 1808 non
745 1743 864 1810 hebent
887 1745 958 1809 illes
981 1749 1106 1811 dextres
1128 1745 1242 1828 quitus

113 1847 265 1916 dominus
288 1848 449 1913 consueuit
471 1847 624 1913 adsistere
645 1865 703 1912 neo
723 1849 856 1929 possunt
870 1848 972 1913 dicere
987 1865 1059 1914 enm
1073 1849 1241 1931 propheta:

112 1952 228 2018 oculi
261 1951 335 2017 mei
362 1969 518 2034 semper
548 1953 592 2017 ed
621 1951 833 2016 dominum:
861 1951 952 2033 quie
979 1951 1064 2033 ipse
1090 1951 1243 2016 euellet

71 2055 161 2119 ude
188 2055 328 2136 lequeo
350 2053 467 2136 pedes
489 2070 608 2118 meos.
642 2053 724 2135 quod
746 2053 853 2118 nullus
875 2052 991 2136 poterit
1013 2053 1148 2120 ueridioe
1169 2072 1243 2136 pro·

113 2158 204 2224 literi
233 2157 293 2222 uisi
320 2156 374 2238 qui
403 2156 553 2221 uniuerso
581 2173 659 2237 quse
687 2155 719 2220 iu
748 2155 806 2220 hoc
834 2156 951 2221 mundo
978 2158 1053 2221 suut
1074 2157 1131 2222 eut
1151 2157 1243 2224 noxie

114 2262 175 2326 eut
206 2259 362 2343 superitur
391 2265 445 2324 sut
473 2260 558 2324 certe
579 2257 729 2324 inferiore
750 2260 881 2324 summis
903 2258 1076 2325 uirtutibus
1098 2259 1242 2327 indicens

113 2382 246 2429 omnem
268 2363 419 2428 intuitum
441 2381 544 2439 suum,
567 2379 658 2428 omne
679 2363 819 2428 studium
841 2379 1025 2445 omnemque
1046 2379 1154 2428 curem
1169 2380 1243 2447 erge

113 2466 242 2532 cultum
271 2467 320 2531 sui
348 2465 449 2531 cordis
477 2467 509 2530 et
536 2467 737 2532 castimoniae
766 2465 909 2531 defixerit
932 2466 1112 2548 puritatem.
1150 2470 1243 2549 etque

71 2571 164 2635 nitu
195 2587 282 2635 meus
309 2569 380 2634 istis
413 2569 569 2635 exercitiis
600 2569 729 2636 elimate
758 2571 790 2634 et
817 2568 1005 2651 profectibus
1038 2568 1178 2650 expolite
1203 2569 1271 2636 ud-

114 2672 290 2757 perfectum
313 2673 448 2756 corporis
471 2677 564 2755 etque
586 2675 709 2739 enimse
735 2672 894 2755 perueniet
915 2673 1125 2738 seuctitutem.

161 2808 220 2875 VI.
251 2810 410 2891 Quantum
442 2811 525 2875 euim
554 2813 623 2893 quis
650 2810 684 2875 iu
716 2808 848 2876 lenitete
881 2828 918 2875 eo
950 2809 1103 2893 patientie
1131 2809 1242 2887 cordis,

115 2913 245 2977 tentum
274 2912 307 2977 in
337 2913 470 2996 corporis
500 2914 638 2998 puritete
659 2913 809 2997 proficiet,
837 2913 1015 2997 quantoque
1037 2911 1159 2997 longius
1181 2914 1243 2978 ire·

114 3013 249 3078 cuudiee
279 3016 449 3097 propulerit
471 3017 657 3103 pensionem,
685 3018 775 3083 tento
798 3016 976 3082 cestitstem
998 3017 1138 3083 tenacius
1161 3016 1244 3082 obti-

73 3118 214 3184 nenebit.
254 3136 316 3183 non
350 3118 434 3184 enim
468 3124 571 3185 costus
606 3120 741 3205 corporis
771 3118 941 3187 declinabit
972 3120 1032 3187 nisi
1066 3120 1119 3204 qui
1147 3120 1245 3186 enimi

115 3224 224 3285 motus
252 3222 324 3286 aute
354 3224 571 3306 conpresserit.
610 3224 692 3307 quod
721 3224 917 3307 apertissime
946 3223 1112 3289 seluetoris
1145 3221 1244 3288 nostri

114 3340 171 3387 ore
205 3322 334 3388 leudete
367 3324 527 3391 testitudo
561 3326 715 3392 declaret:
751 3326 862 3393 beuti
891 3327 1023 3404 mites,
1057 3326 1245 3408 quonism

113 3424 200 3509 ipsi
244 3427 507 3508 possidebunt
550 3428 708 3494 terrem.
759 3444 821 3493 non
866 3446 939 3512 ergo
976 3428 1067 3493 eliter
1106 3429 1277 3497 nostrem2

115 3527 345 3610 possidebimus
368 3534 494 3609 terrem,
518 3530 550 3596 id
573 3532 621 3595 est
643 3547 703 3595 uon
727 3528 806 3601 elius
835 3528 952 3597 dicioni
972 3532 1097 3595 nostres
1119 3529 1244 3606 rebellis

221 3730 396 3797 2Ps.15,8
499 3726 706 3798 usnemun
807 3730 990 3797 dlMtM
1080 3811 1084 3815 ι

115 3916 345 3985 wormium
362 3916 402 3968 11¹
503 3916 650 3987 prouido
752 3900 896 3974 3(ίῖοΠι
998 3917 1106 3972 terrim
1124 3916 1179 3969 ΤΟ
1204 3980 1225 3992 x·

114 4002 412 4073 dedalus-multus
434 4002 522 4056 lino
623 4004 769 4059 lrursum
792 4007 818 4058 l'
917 4004 951 4059 ed
975 4003 1066 4058 eedem
1089 4001 1246 4057 reuolbetur

115 4086 143 4141 0
230 4088 481 4159 semmuro
566 4090 804 4146 mummium
887 4090 1052 4160 ltproldl
1131 4087 1246 4156 l4quo·

114 4172 192 4227 niem
209 4175 255 4230 ‘Po
340 4174 433 4229 euellit
449 4176 480 4227 Π
569 4176 604 4231 15
621 4192 694 4232 meus
711 4176 751 4229 ΠΙ
838 4176 958 4232 uercdioe
974 4176 1005 4227 Π
1089 4175 1123 4230 18
1139 4188 1246 4229 omnem

114 4274 213 4315 eurem
234 4261 358 4317 nuos·
447 4262 652 4319 coruom
750 4258 1033 4320 nsinimndisen
1134 4258 1248 4331 dtopt

114 4346 147 4397 Σ
250 4347 285 4401 25
301 4348 448 4403 declineuit
464 4350 492 4400 Σ
