3009 5200
290 473 353 540 642
673 469 838 526 Iohannis
859 466 1021 522 Cassiani

291 660 510 742 contemnitur,
539 661 576 724 nt
605 659 648 724 eis
676 660 742 723 sine
766 657 966 723 cunctatione
987 657 1146 723 distractis
1167 655 1259 722 unius
1283 659 1409 724 tantum

290 766 362 831 boni
384 763 533 847 possessio
555 762 721 845 locupletet
743 760 896 827 bonorum
910 759 1184 827 innumerabilium
1199 760 1408 828 uenditorem.

334 886 393 952 III.
417 884 498 964 Quid
521 903 591 966 ergo
614 889 661 949 est
682 903 780 949 uuum
803 885 885 966 quod
901 882 967 948 illis
981 885 1079 948 tantis
1094 887 1221 964 tamque
1235 881 1410 948 innumeris

290 991 378 1056 bonis
404 993 468 1053 tam
491 987 764 1070 inconparabiliter
785 992 999 1071 praeponatur,
1027 991 1064 1050 ut
1084 989 1195 1069 spretis
1217 985 1411 1068 abiectisque

290 1091 433 1158 omnibus
463 1091 564 1155 solum
595 1091 704 1157 debeat
733 1092 906 1174 possideri?
932 1091 1080 1156 nimirum
1103 1091 1161 1155 illa
1182 1108 1254 1171 pars
1277 1090 1447 1172 optimas

290 1197 378 1262 cuius
401 1194 663 1277 magnificentiam
679 1215 715 1260 ac
730 1196 970 1278 perpetuitatem
989 1213 1061 1259 cum
1076 1193 1184 1258 relicto
1199 1191 1410 1275 susceptionis

289 1302 381 1382 atque
412 1297 615 1362 humanitatis
647 1299 748 1364 officio
778 1298 880 1364 Maria
907 1297 1119 1381 praelegisset,
1141 1297 1189 1361 ita
1209 1295 1410 1378 praedicatur

289 1421 308 1468 a
335 1401 474 1467 domino:
508 1399 664 1465 Martha
691 1402 863 1481 Martha,
894 1402 1077 1468 sollicita
1104 1419 1143 1465 ea
1167 1405 1203 1464 at
1226 1400 1409 1464 turbaris

289 1507 397 1570 circa
425 1503 565 1568 multa:
595 1507 728 1586 paucis
758 1524 849 1570 nero
878 1524 973 1588 opus
1003 1509 1061 1569 est
1086 1502 1299 1570 autetiam
1320 1519 1408 1566 uno.

288 1609 411 1674 Maria
433 1609 567 1672 bonam
590 1607 735 1689 partem
758 1609 894 1692 elegit,
918 1627 1016 1690 qnae
1037 1624 1109 1671 non
1132 1606 1341 1671 auferetur
1361 1607 1448 1678 abso

289 1731 339 1778 ea.
377 1730 437 1774 una
460 1727 531 1790 ergo
554 1713 601 1773 est
622 1709 749 1788 theoria,
765 1712 860 1776 idest
875 1710 1098 1792 contemplatio
1113 1711 1174 1788 dei,
1191 1711 1279 1774 euius
1293 1709 1409 1774 merito

290 1814 392 1880 omnia
413 1812 669 1877 iustificationum
691 1815 813 1892 merita,
843 1814 990 1880 uniuersa
1015 1814 1170 1880 uirtutum
1191 1813 1298 1877 studia
1318 1818 1409 1893 post-

288 1921 453 2002 ponuntur.
498 1921 529 1979 et
566 1914 621 1980 illa
657 1916 782 1998 quidem
818 1919 929 1994 omnia,
964 1935 1041 1999 quae
1072 1916 1106 1980 in
1138 1916 1275 2000 apostolo
1308 1913 1409 1979 Paulo

290 2022 412 2087 fulsisse
438 2017 657 2102 praediximus,
688 2037 746 2084 uon
769 2021 870 2085 solum
899 2024 978 2086 bona
1000 2023 1033 2084 et
1053 2021 1154 2100 utilia,
1178 2038 1287 2084 uerum
1309 2019 1407 2083 etiarn

258 2133 401 2207 2magna
430 2131 523 2204 atque
552 2122 710 2202 praeclara
737 2127 821 2188 sunt.
859 2127 912 2189 sed
942 2127 1022 2190 sicut
1052 2126 1140 2189 uerbi
1168 2123 1274 2204 gratia
1295 2123 1406 2204 stagni
1416 2155 1448 2192 ιε,

288 2230 458 2309 metalium,
493 2225 573 2306 quod
604 2222 734 2290 alicuius
764 2228 912 2292 utilitatis
941 2231 973 2292 et
1002 2227 1122 2311 gratiae
1150 2225 1334 2308 putabatur,
1369 2224 1407 2290 iit

288 2329 408 2412 argenti
432 2326 687 2408 contemplatione
710 2329 897 2394 uilissimum
912 2332 944 2395 et
959 2349 1083 2396 rursum
1103 2332 1172 2394 anri
1187 2330 1407 2411 conparatione

288 2434 434 2499 meritum
464 2432 622 2496 euanescit
653 2434 781 2515 argenti,
807 2451 916 2498 aurum
939 2453 1060 2516 quoqne
1080 2433 1183 2516 ipsum
1207 2451 1405 2516 gemmarum

288 2537 459 2603 conlatione
489 2531 698 2598 contemnitur
727 2538 758 2598 ct
781 2535 916 2618 ipsarum
939 2538 1138 2603 nihilominus
1161 2537 1305 2620 quamuis
1327 2536 1405 2601 insi-

287 2642 396 2725 gniam
423 2638 590 2703 multitudo
606 2654 798 2718 gemmarum
813 2642 903 2706 unius
918 2640 1083 2727 margariti
1097 2641 1235 2706 uincitur
1249 2640 1403 2717 claritate,
1415 2672 1448 2710 so

287 2744 332 2809 ita
346 2743 401 2808 iila
417 2745 518 2807 omnia
533 2740 644 2805 merita
659 2742 832 2807 sanctitatis
850 2748 992 2825 quamuis
1007 2764 1067 2810 non
1084 2746 1185 2810 solum
1202 2748 1402 2827 adpraesens

286 2848 368 2913 bona
390 2850 422 2911 et
444 2845 535 2910 utilia
556 2846 629 2923 sint,
646 2862 755 2908 uerum
770 2846 864 2910 etiam
884 2847 998 2913 donum
1011 2848 1208 2932 aeternitatis
1222 2847 1404 2929 adquirant,

286 2952 391 3015 tamen
421 2951 448 3014 si
476 2950 600 3014 diuinae
629 2948 899 3028 contemplationis
932 2954 1050 3017 meritis
1083 2953 1287 3032 conferantur,
1322 2952 1404 3015 uilia

287 3044 379 3135 atque
402 3058 438 3117 ut
452 3052 498 3116 ita
514 3054 643 3117 dixerim
660 3050 830 3114 uendibilia
844 3054 1055 3120 censebuntur.
1080 3062 1112 3119 et
1127 3060 1163 3119 ut
1178 3056 1258 3120 hanc
1272 3054 1403 3119 andem

287 3156 537 3239 conparationem
560 3155 653 3219 etiem
676 3153 901 3235 scripturarum
922 3158 1081 3223 confirmet
1097 3159 1277 3234 auctoritas,
1299 3176 1446 3225 nonneas

286 3261 324 3324 de
355 3259 508 3323 uniuersis
539 3276 617 3339 quae
647 3275 666 3320 a
702 3257 758 3321 deo
791 3260 896 3320 creata
925 3261 998 3323 sunt
1028 3262 1216 3341 generaliter
1247 3262 1405 3344 scriptura

283 3362 465 3447 pronuntiat
480 3362 600 3425 dicens:
624 3360 662 3422 et
683 3376 771 3423 ecoe
793 3356 923 3423 omnia
943 3376 1037 3440 quac
1060 3364 1280 3445 fecitdeus,
1304 3364 1407 3429 bona

386 3590 483 3645 nuuc
503 3592 543 3655 ro,
562 3588 665 3643 41-42
767 3588 801 3641 ar
820 3589 885 3641 oen.
904 3590 928 3653 1,
946 3588 978 3642 31
998 3587 1092 3655 (nnn)

337 3806 576 3873 leontompnitur
601 3802 671 3857 K¹Z
771 3803 927 3871 aexpmtis
950 3802 1018 3856 ΒΡ
1120 3802 1260 3858 bobtima
1281 3806 1335 3861 Bo

283 3891 521 3961 timaguiflcentia
538 3908 569 3944 ac
587 3890 765 3959 perpetuitate
783 3888 840 3943 BF
931 3888 1109 3956 susceptiones
1127 3886 1165 3941 F*
1259 3889 1406 3945 thuniti-

282 3979 349 4033 tatia
368 3978 392 4033 0
408 3992 476 4031 corr.
568 3974 718 4044 dplurima
736 3975 762 4028 Z
849 3977 897 4028 aut
915 3976 984 4041 (riae
1000 3977 1042 4039 ut)
1062 3988 1131 4027 erae.
1147 3975 1180 4028 ia
1196 3973 1226 4027 F
1314 3976 1347 4028 11
1363 3992 1408 4029 aa.

282 4063 321 4117 De
343 4062 449 4117 theoria
472 4061 553 4117 ΒΕΘ
578 4066 653 4127 (noto
676 4076 711 4114 es
727 4076 813 4130 marc.
837 4062 1000 4128 inreprerat)
1102 4075 1166 4128 argo
1183 4062 1213 4113 et
1230 4058 1289 4112 sola
1308 4062 1351 4127 est
1369 4060 1409 4117 0ι

282 4150 319 4217 βυ
417 4149 460 4201 cui
483 4148 548 4217 Ode
651 4146 682 4199 12
700 4137 818 4200 omnium
836 4147 864 4200 B
969 4146 1001 4200 13
1018 4146 1139 4214 apostulo
1157 4146 1185 4198 B
1288 4146 1321 4199 19
1343 4160 1409 4198 cun-

282 4232 502 4301 templationcO
595 4234 795 4301 contempnitur
813 4233 839 4285 Z
934 4231 969 4285 20
987 4222 1126 4300 margariti
1144 4231 1263 4285 uincitur
1281 4229 1409 4285 claritate

282 4318 398 4374 BFOrr
424 4318 586 4386 margaritae
598 4318 711 4373 candore
723 4323 864 4387 superatur
881 4319 918 4387 βο
1003 4319 1036 4373 21
1054 4317 1089 4372 ad
1107 4332 1229 4385 praesens
1246 4332 1300 4370 non
1318 4317 1409 4371 salum

283 4406 364 4461 BFO
449 4406 482 4459 22
500 4406 609 4459 suntO
696 4405 952 4459 aduenticium
1038 4406 1073 4459 26
1090 4408 1178 4474 create
1194 4403 1232 4457 Ρ
