3009 5200
531 447 694 504 conlatio
716 447 755 513 11,
774 447 816 502 13.
1191 447 1234 514 57

107 637 207 702 linum
230 635 392 722 fumigans
414 655 475 704 uon
497 639 674 723 extinguere
696 641 790 720 atque
810 637 901 703 illam
922 635 1086 702 adomino
1099 635 1235 719 gratiam

108 757 240 823 pomre,
272 759 334 822 qna
364 741 431 824 ipse
461 759 580 825 quoque
605 741 795 808 fiducialiter
816 739 924 806 nataae
946 756 1037 822 opere
1060 757 1097 806 ac
1116 740 1235 806 uirtute

108 845 255 908 mutare:
286 844 467 910 dominns
494 845 604 910 dedit
633 843 729 911 mihi
759 843 937 928 linguam
959 842 1171 926 eruditam,
1192 844 1235 908 ut

108 944 231 1010 sciam
255 947 488 1013 sustentare
509 966 612 1029 enm,
640 947 705 1031 qui
726 947 859 1012 laeana
880 945 941 1010 est
962 946 1095 1011 uerbo.
1127 943 1284 1015 nudusll
1388 989 1399 1014 .

91 1047 224 1114 cocenim
261 1047 389 1116 sutum
420 1049 540 1118 inimici
572 1053 677 1134 posset
705 1048 839 1118 insidias
869 1066 923 1116 seu
958 1047 1098 1114 carnales
1130 1049 1235 1114 aestus

107 1152 247 1216 naturali
268 1152 495 1236 quodammodo
517 1153 590 1237 igne
612 1151 783 1238 flagrantes
804 1151 855 1218 uel
874 1153 1054 1236 extinguere
1069 1149 1122 1215 uel
1136 1151 1235 1234 repri-

106 1271 198 1334 mere,
234 1253 301 1320 nisi
332 1254 384 1322 dei
412 1259 513 1340 gratia
541 1257 594 1324 uel
623 1255 747 1322 iuuaret
776 1253 982 1340 fragilitatem
1009 1255 1151 1320 nostrum
1182 1253 1235 1319 nal

105 1361 283 1441 protegeret
298 1375 336 1424 ao
350 1359 498 1426 muniret
532 1360 565 1425 et
580 1358 697 1426 idcirco
719 1358 869 1426 omotario
889 1357 983 1424 buius
997 1355 1235 1440 dispensationis

105 1457 226 1524 rstione
260 1459 359 1545 finita,
393 1481 453 1546 qua
486 1463 536 1528 nel
569 1463 662 1530 illum
698 1463 843 1530 iuuenem
878 1460 1059 1545 perniciosis
1094 1457 1236 1526 aeetibus

77 1561 252 1628 rodominus
266 1563 400 1630 liberere
414 1565 464 1630 uel
480 1567 518 1632 da
531 1565 766 1650 inpugnatiouis
780 1564 979 1633 uelamentis
994 1568 1026 1631 et
1037 1561 1235 1646 conpatieudi

105 1663 220 1730 affectu
244 1671 277 1731 te
292 1667 395 1734 uoluit
408 1668 541 1746 erudire,
557 1667 773 1736 communibus
787 1687 859 1735 eum
875 1668 1020 1752 precibus
1034 1666 1235 1750 inplumes,

106 1787 164 1850 qno
184 1768 351 1854 flagellum
373 1770 468 1851 istud,
491 1772 572 1855 quod
595 1771 746 1838 utilitatis
766 1772 871 1856 gratia
885 1769 946 1837 tibi
961 1770 1104 1837 dominus
1119 1768 1235 1834 inferre

106 1871 253 1955 dignatus
285 1875 343 1956 est
371 1873 482 1940 iubeat
510 1875 649 1942 amoueri
674 1874 771 1958 (ipse
792 1874 893 1940 enim
915 1873 1052 1940 dolere
1073 1870 1176 1938 tacit
1196 1873 1236 1936 et

106 1993 266 2041 rursum
303 1977 496 2044 medetur:
539 1977 718 2062 percutit
753 1979 793 2044 st
826 1994 964 2046 manus
1004 1975 1090 2042 sius
1125 1992 1235 2053 sana·

79 2079 261 2146 suerunt
299 2080 365 2164 ipse
401 2081 593 2147 humiliat
626 2083 667 2148 et
700 2081 874 2155 exaltat.
910 2081 979 2162 ipse
1011 2077 1164 2144 oeoidit
1196 2075 1235 2142 et

107 2180 312 2258 uiuificat,
343 2183 506 2250 deducit
534 2186 580 2252 ad
610 2183 780 2250 inferum
809 2187 848 2249 et
877 2181 1052 2264 reducit)
1078 2184 1110 2248 et
1131 2177 1233 2262 ignita

107 2283 223 2350 diaboli
246 2285 360 2368 iacula,
382 2305 462 2370 quae
479 2305 530 2355 mo
544 2285 664 2354 arbitro
679 2288 738 2354 tibi
753 2287 897 2370 permisit
912 2285 1023 2372 infligi,
1039 2281 1234 2378 redundante

106 2385 232 2469 spiritus
263 2387 315 2454 sni
343 2405 412 2456 rore
433 2391 617 2474 restinguat.
646 2409 740 2474 quam
766 2388 1005 2476 temptationem
1026 2387 1103 2454 licet
1124 2383 1234 2452 omem
1244 2391 1285 2459 12

106 2488 268 2554 celeritas
291 2508 353 2573 qua
375 2491 483 2558 inferri
505 2493 649 2560 dominus
672 2511 782 2576 passus
808 2491 912 2558 estad
928 2508 1024 2584 unam
1039 2490 1122 2557 senis
1137 2486 1233 2554 orati-

77 2608 196 2659 souem
216 2611 327 2661 rursus
349 2594 525 2675 abstulerit,
547 2594 687 2663 euidenti
705 2595 811 2663 tamen
827 2595 1035 2679 experimento
1050 2593 1157 2661 docuit
1172 2609 1234 2657 non

106 2696 196 2762 modo
227 2714 292 2762 non
322 2696 499 2781 exprobrari
522 2698 681 2783 patefacta
704 2700 853 2783 cuiusque
874 2697 964 2774 uitia,
984 2697 1040 2763 sed
1062 2715 1101 2764 ne
1123 2696 1235 2771 leuiter

106 2800 232 2880 quidem
255 2799 427 2867 laborantis
449 2800 587 2867 dolorem
609 2800 722 2869 debers
738 2801 905 2869 contemni.
940 2800 1100 2867 etidcirco
1116 2815 1234 2883 nequa·

105 2919 200 2983 quam
222 2920 281 2968 uos
302 2902 394 2969 unius
416 2905 499 2970 senis
520 2903 586 2971 siue
612 2922 782 2989 paucorum
803 2905 856 2971 uel
878 2903 1026 2987 inperitia
1047 2904 1098 2971 uel
1120 2902 1235 2969 leuitas

106 3002 143 3069 ab
174 3005 232 3069 illa
261 3004 392 3071 salutari
421 3025 483 3090 qua
511 3007 722 3091 praediximus
752 3009 806 3075 uia
836 3010 868 3073 et
890 3006 1058 3075 traditione
1079 3004 1234 3073 maiorum

77 3106 264 3175 suammet
285 3109 317 3173 et
338 3108 490 3193 excludat,
513 3127 644 3193 quorum
660 3111 775 3199 canitie
790 3110 831 3177 ed
847 3110 1063 3194 deceptionem
1077 3110 1234 3177 iuniorum

108 3208 329 3277 callidissimus
360 3210 503 3293 abutitur
526 3214 688 3282 inimicus:
718 3214 773 3282 sed
803 3212 921 3299 absque
951 3214 1015 3280 ullo
1045 3210 1235 3284 confusionis

108 3312 305 3393 operimento
326 3314 432 3381 omnia
452 3314 567 3396 debent
589 3315 763 3383 senioribus
785 3317 920 3384 rsuslari
938 3317 1038 3401 atque
1059 3318 1098 3383 ab
1119 3314 1165 3384 eis
1182 3313 1234 3379 uel

208 3506 316 3561 3Eeai.
333 3506 413 3573 ool
504 3511 536 3565 13
554 3510 603 3566 Iob
619 3510 645 3576 b,
666 3513 699 3566 18
709 3510 803 3579 (Lxx)
889 3508 954 3565 151
972 3510 1079 3579 11032,
1097 3508 1166 3565 6-7

160 3690 173 3741 1
201 3686 287 3757 adque
311 3687 343 3741 D
444 3686 461 3741 2
487 3689 551 3758 quia
580 3690 616 3745 0Ι
720 3691 822 3744 uirtute
848 3690 883 3746 Or
913 3690 1028 3744 uerimtc
1053 3688 1176 3746 DWXo
1198 3690 1233 3758 cs.

108 3772 167 3837 m,
184 3776 245 3838 6,1
345 3773 475 3844 tlaprus
498 3777 528 3845 (p
550 3777 582 3831 ira
602 3790 658 3832 rus.
681 3792 715 3831 aa.
732 3779 762 3843 2)
786 3776 843 3832 Wc
944 3776 1088 3831 tinimici
1111 3792 1182 3832 crus.
1203 3778 1236 3832 ira

109 3856 138 3912 D
231 3857 315 3927 possit
329 3856 423 3913 11121Ι
519 3858 699 3930 brepremsre
715 3860 792 3916 D¹X
886 3862 964 3932 bac]
979 3862 1056 3918 utO
1151 3862 1185 3918 10
1201 3862 1235 3918 de

110 3959 158 3999 osa
183 3944 207 3999 0
308 3935 583 4014 inpugnationee'lt'¹
687 3947 720 4001 12
741 3949 799 4002 stut
826 3948 850 4003 0
952 3948 986 4002 13
1011 3946 1101 4003 iobeat
1124 3949 1165 4004 D¹

110 4030 195 4084 dolore
212 4030 304 4088 D¹W¹
334 4030 452 4086 dolorem
470 4032 502 4085 X
604 4033 813 4088 14sanant1i¹
888 4049 892 4055 ·
916 4034 949 4088 16
970 4032 1087 4089 interum
1108 4033 1163 4089 D¹=
1193 4034 1234 4089 in·

109 4114 210 4169 ternum
234 4114 393 4172 D²WOXc
421 4115 562 4172 intercur
665 4113 698 4173 18
724 4120 866 4188 extinguat
894 4122 917 4174 0
1018 4134 1098 4189 quem
1122 4120 1165 4175 D¹

110 4201 143 4255 19
158 4200 251 4257 interne
266 4202 300 4256 D
388 4202 424 4255 22
444 4202 594 4257 laborantes
612 4203 652 4259 D¹
739 4205 892 4273 contempni
909 4204 939 4258 D
1022 4208 1053 4259 et
1069 4220 1120 4262 oar.
1142 4206 1166 4261 0

110 4285 141 4341 24
165 4304 214 4357 qna
239 4288 296 4345 W:
328 4302 408 4358 qnam
432 4286 593 4345 DW’OXo
695 4290 730 4344 ab
755 4290 902 4345 dettorraat
926 4291 968 4345 D¹
1071 4292 1183 4347 caniba
1205 4294 1234 4360 (a

110 4376 181 4444 eruc.)
204 4376 243 4433 W
348 4373 384 4427 26
400 4373 528 4429 abutetur
544 4374 587 4428 D¹
689 4374 722 4429 21
740 4374 826 4445 mque
842 4375 924 4433 1>¹W
