3009 5200
346 425 391 494 52
734 422 901 478 lobannis
924 421 1085 479 Gnesisni

349 617 382 680 et
403 631 484 696 quse
505 613 584 680 nihil
607 612 742 696 ¹emplius
763 629 859 694 quem
880 612 966 678 niteo
987 610 1079 678 buius
1092 613 1298 695 temporsrise
1311 613 1474 679 conmodis

348 719 490 799 prosunt,
518 717 594 784 lieet
620 735 717 785 menn
744 716 867 800 pslpm
891 717 1009 800 queunt
1029 717 1064 784 ot
1084 715 1181 787 oeulis
1202 716 1366 800 perdideri,
1386 718 1476 784 recte

347 823 455 888 temen
475 839 495 888 c
515 839 671 905 quoquam
692 820 762 886 eine
783 819 981 886 instituentis
1001 820 1145 886 doctrine
1165 822 1319 904 nequeunt
1339 837 1473 903 conpre-

347 923 449 1004 hendi,
468 941 563 1008 quem
578 925 722 1008 ineptum
736 924 786 988 est
801 921 926 989 credere
940 921 1134 991 berceolum
1148 940 1209 990 non
1223 939 1314 1006 egere
1330 923 1472 999 doctore,

347 1046 426 1111 quoe
459 1030 492 1097 et
523 1026 692 1094 inuisibilis
723 1028 758 1092 et
789 1025 924 1092 occulte.
943 1032 994 1090 eet
1026 1027 1059 1090 et
1090 1043 1171 1108 quse
1198 1042 1259 1093 non
1291 1026 1354 1092 uisi
1379 1025 1474 1091 corde

347 1130 515 1213 purissimo
536 1133 726 1214 pernidetur,
749 1130 839 1206 cuins
859 1146 946 1195 error
965 1144 1028 1194 non
1049 1129 1221 1212 temporale
1242 1129 1392 1194 mmnum
1413 1149 1475 1196 nec

347 1235 429 1318 quod
450 1234 542 1302 focile
564 1239 732 1318 reparetur,
749 1233 805 1298 sed
820 1232 944 1302 enimse
956 1231 1165 1316 perditionem
1178 1232 1263 1315 perit
1276 1234 1474 1315 mortemque

317 1339 537 1422 8perpetusm.
575 1338 672 1404 hebet
693 1338 777 1402 enim
803 1353 866 1402 non
885 1335 1038 1402 eduomue
1059 1333 1210 1416 uieibilee,
1223 1337 1280 1402 sed
1294 1334 1474 1401 irrisibiles

347 1443 441 1524 etque
468 1439 597 1508 inmites
624 1441 727 1506 hostes
755 1439 903 1505 diurnum
932 1442 1180 1522 nocturnumque
1207 1439 1388 1506 condictum
1414 1457 1476 1504 neo

348 1544 457 1613 corbe
488 1563 588 1612 unum
619 1563 673 1610 seu
706 1544 795 1628 duos,
825 1542 881 1608 sed
912 1544 1022 1608 centn
1053 1543 1296 1610 innumerabiles
1328 1545 1493 1607 ceterueer

346 1647 488 1729 spiritale
521 1648 690 1726 eerlnmen,
727 1646 817 1712 cuiue
854 1664 943 1712 cesus
980 1649 1068 1712 tento
1103 1646 1305 1730 perniciosior
1340 1646 1473 1724 cunctis,

346 1754 465 1832 quanto
494 1751 526 1816 et
546 1751 694 1821 ¹infestior
721 1750 868 1818 inimicus
890 1755 922 1814 et
945 1767 1128 1833 congressus
1150 1748 1309 1816 occultior.
1346 1752 1380 1812 et
1401 1750 1473 1814 ideo

347 1871 469 1938 semper
491 1855 648 1920 seniorum
669 1872 796 1918 summe
818 1852 961 1919 motione
975 1855 1051 1919 eunt
1064 1853 1213 1920 nectendo
1225 1851 1362 1938 uestigio
1375 1851 1473 1933 etque

347 1957 388 2022 sd
408 1975 460 2022 eoe
482 1959 596 2024 ennete
616 1975 694 2040 quse
716 1955 750 2020 in
773 1958 887 2020 nostrie
916 1955 1060 2022 cordibus
1082 1955 1224 2026 oriuntur
1246 1953 1373 2020 subluto
1394 1972 1473 2020 con-

348 2060 478 2126 fusionis
500 2059 656 2124 uelnmine
677 2057 853 2124 deferende.
1483 2084 1493 2122 ι

389 2179 462 2245 ΧΠ.
485 2195 682 2246 onnnrvs:
705 2177 906 2245 Occasionem
927 2178 1016 2244 nobie
1043 2177 1234 2260 perniciosae
1255 2178 1473 2252 uerecundiee,

347 2302 409 2366 que
431 2283 635 2366 cogitetioues
648 2283 751 2350 melus
766 2283 946 2348 studeamus
960 2283 1113 2366 obtegere,
1135 2282 1194 2346 ille
1208 2281 1369 2366 praecipue
1383 2281 1474 2346 creat

349 2405 450 2464 oense,
471 2404 534 2468 qne
555 2385 699 2452 nouimus
715 2387 870 2468 quendem
884 2385 916 2450 in
931 2385 1041 2470 Syriae
1061 2385 1212 2468 portibus,
1228 2389 1262 2450 ut
1278 2385 1475 2460 credebatur,

348 2489 549 2572 praecipuum
570 2488 727 2554 seniorum
749 2490 875 2554 cuidem
896 2487 989 2554 tratri
1011 2487 1214 2572 cogitetiones
1236 2505 1308 2553 enos
1329 2486 1474 2568 simplici

347 2591 537 2660 confessione
547 2593 689 2673 prodenti
699 2591 899 2675 postmodnm
910 2592 1045 2674 quodem
1053 2591 1493 2677 mdignstionecommotumr

347 2695 470 2763 eosdem
498 2696 638 2780 grauiter
667 2695 877 2778 exprobrasse.
914 2695 996 2761 unde
1024 2694 1071 2775 iit,
1093 2698 1131 2759 ut
1152 2696 1228 2760 dum
1250 2713 1302 2760 ees
1324 2694 1357 2759 in
1379 2693 1472 2759 nobie

348 2799 519 2883 premimus
546 2818 584 2864 cc
616 2798 790 2865 senioribus
823 2800 1034 2866 erubescimus
1066 2798 1234 2882 publiccre,
1274 2796 1474 2863 emotionem

348 2901 484 2968 remedie
505 2905 649 2984 consequi
671 2920 869 2985 nequeemus.

389 3022 480 3088 xnr.
502 3038 646 3089 norme:
671 3022 759 3089 Sicut
779 3041 841 3089 non
862 3026 937 3088 eunt
959 3040 1065 3088 omnes
1086 3024 1214 3088 iuuenes
1231 3024 1299 3105 peri
1313 3024 1405 3087 modo
1419 3021 1474 3086 nel

349 3126 507 3192 feruentes
533 3125 646 3209 spiritu
674 3126 725 3190 uel
755 3125 929 3209 disciplinis
951 3142 988 3191 ec
1008 3124 1148 3191 moribus
1170 3126 1298 3208 optimis
1319 3123 1493 3202 institutit

349 3227 395 3293 its
424 3243 480 3293 nec
507 3240 594 3293 senes
623 3230 748 3313 quidem
777 3229 881 3294 cuncti
908 3247 969 3294 nno
999 3228 1091 3293 modo
1113 3229 1164 3294 nel
1186 3227 1316 3311 perfecti
1338 3225 1476 3309 possunt

350 3331 401 3395 uel
433 3330 646 3413 probatissimi
678 3331 838 3416 repperiri.
877 3332 1008 3397 diuitice
1039 3331 1125 3396 enim
1156 3348 1267 3397 senum
1300 3348 1363 3395 nen
1395 3330 1477 3394 eunt

348 3433 463 3499 canitie
506 3434 628 3516 cepitis,
667 3437 720 3501 sed
757 3435 911 3502 industrie
946 3434 1119 3501 iuuentutis
1155 3451 1192 3500 eo
1230 3432 1475 3517 proeteritorum

401 3671 414 3724 l
441 3671 578 3725 conmodis
607 3672 643 3727 0:
672 3672 816 3727 commodis
840 3672 901 3731 rell.
1002 3672 1020 3726 2
1044 3672 1157 3741 puidere
1181 3671 1222 3726 D¹
1322 3671 1340 3725 4
1365 3671 1479 3724 doctmo

353 3756 391 3811 W
468 3758 496 3812 .5
512 3762 578 3813 onte
594 3758 649 3813 nisi
666 3758 776 3813 nemost
789 3758 871 3814 WX:
896 3758 984 3813 colum
993 3758 1078 3812 oculis
1089 3758 1137 3812 sed
1153 3774 1187 3811 ne
1197 3757 1287 3811 neimo
1297 3756 1405 3827 quidem

349 3842 459 3911 iperet
478 3843 525 3899 W¹
625 3843 778 3899 Suisibilie
797 3845 847 3903 W¹
948 3843 1095 3900 inuisibilis
1111 3844 1160 3899 W¹
1261 3833 1382 3912 esuque
1398 3842 1443 3899 1)ι

351 3928 384 3986 10
403 3930 458 3999 seu]
477 3930 521 3985 uel
542 3929 572 3984 D
673 3929 878 3985 innumerabilis
900 3931 949 3986 W¹
1050 3930 1083 3985 12
1103 3929 1259 3985 inferiorO
1361 3930 1397 3985 14
1413 3944 1480 3985 con-

349 4012 465 4069 fusiones
497 4014 546 4072 W¹
659 4014 690 4069 17
717 4017 867 4086 copitionee
897 4016 937 4073 W
1041 4016 1191 4072 studemus
1216 4018 1244 4084 (e
1269 4017 1349 4083 cruc)
1375 4015 1408 4069 D

351 4099 383 4152 18
401 4100 465 4155 sirie
486 4100 509 4155 0
573 4107 638 4173 poet
654 4101 777 4173 pertibus
793 4101 858 4157 odd.
879 4102 916 4157 0:
942 4103 1090 4157 constituto
1161 4101 1196 4156 20
1212 4101 1337 4171 prudenti
1358 4100 1407 4157 W¹

349 4185 383 4239 21
395 4184 551 4254 exprobcse
566 4186 605 4247 W
635 4181 638 4189 '
683 4186 906 4243 dternbiecimus
917 4186 960 4242 12¹
1030 4186 1264 4245 onmrctionumO
1342 4186 1480 4241 remeses

349 4268 458 4326 1>¹W0
543 4270 578 4327 25
595 4271 708 4327 obtimis
725 4272 755 4328 D
841 4271 876 4327 26
893 4287 940 4326 nec
962 4272 1029 4327 Oet
1045 4274 1071 4340 (e
1087 4272 1199 4339 torm.)
1217 4272 1267 4327 W:
1296 4286 1329 4324 ne
1346 4270 1409 4324 DX

349 4356 383 4410 28
401 4354 547 4414 iuuentutis
569 4358 621 4414 Wr
649 4359 805 4416 innectentes
821 4357 863 4414 D¹
893 4359 1043 4413 iuuentutis
1059 4356 1136 4413 Μ
1161 4356 1310 4411 iubentutis
1331 4355 1355 4411 0
