3009 5200
317 439 381 505 418
709 436 875 491 Iohannis
893 435 1051 491 Cassiani

318 628 417 693 etiam
440 628 672 704 catholioornm,
698 628 752 708 qui
773 624 905 692 diuersis
927 624 1017 689 uitiis
1039 625 1253 704 inuoluuntur‚
1276 624 1447 707 perlectam

317 732 545 815 seripturarum
567 727 730 795 solentiam
752 729 909 795 oonseouti
925 729 963 793 do
978 727 1130 810 spiritalis
1147 728 1305 795 dootuinee
1320 730 1446 811 magni·

317 836 428 903 tudine
456 834 640 917 gloriantur,
669 836 702 897 et
723 850 740 897 e
763 834 871 899 oontre
899 832 1079 898 sanetornm
1111 834 1249 898 meorum
1280 831 1446 897 innumera

317 939 496 1017 multitudo,
540 956 671 1020 quorum
715 954 768 1001 oor
807 936 846 1001 ab
888 936 974 1001 omni
1018 940 1216 1019 peoestorum
1260 936 1445 1019 contagione

316 1044 486 1129 purgatum
521 1043 579 1120 est,
615 1039 766 1123 simpliois
799 1040 871 1106 lidei
906 1040 1023 1121 pietate
1057 1043 1204 1105 contenta
1235 1038 1477 1122 profundiorise

316 1146 465 1211 scientiae
499 1144 625 1228 ignorat
661 1146 798 1209 aroana?
840 1142 1103 1226 quemadmodum
1138 1160 1211 1227 ergo
1247 1143 1345 1209 stabit
1381 1142 1445 1209 ista

316 1249 483 1327 sententia,
499 1266 577 1331 qnae
590 1246 760 1313 seientiam
774 1246 952 1328 spiritalem
967 1246 1026 1311 soli
1041 1247 1143 1312 sordis
1158 1246 1271 1311 tribuit
1284 1245 1443 1328 puritati?

358 1370 446 1437 XVI.
468 1384 658 1435 unsmnos:
685 1368 781 1433 Hand
808 1368 891 1433 reete
913 1368 1068 1432 uirtutem
1090 1366 1279 1433 delinitionis
1303 1367 1445 1449 explorat

315 1475 370 1558 qni
390 1491 454 1539 non
475 1472 579 1537 omnia
600 1471 769 1555 diligenter
790 1470 930 1553 prolatae
952 1471 1126 1535 sententiae
1148 1470 1248 1536 uerba
1267 1470 1442 1554 perpendit.

314 1680 430 1747 habere
450 1680 599 1762 peritiam
620 1680 653 1743 et
674 1677 860 1743 elooutionis
882 1678 1038 1761 ornatum,
1061 1680 1201 1743 osterum
1214 1677 1442 1761 seripturarum

313 1802 410 1849 nenas
432 1788 464 1847 et
486 1800 599 1849 aroana
623 1782 813 1865 spiritalium
827 1800 974 1847 sensuum
988 1784 1105 1848 intrare
1119 1799 1182 1847 non
1195 1799 1292 1865 posse.
1324 1784 1442 1847 etenim

313 1904 389 1952 nera
409 1887 541 1952 seientia
562 1904 624 1951 non
646 1887 708 1951 nisi
729 1903 750 1950 a
770 1887 854 1953 ueris
876 1887 926 1952 dei
948 1888 1116 1954 cultoribus
1139 1886 1322 1970 possidetur,
1345 1902 1442 1969 quam

313 1989 467 2072 lautique
481 2008 544 2055 non
559 1990 653 2055 habet
666 1990 798 2073 populus
813 1992 864 2055 oui
880 1990 1014 2057 dieitur:
1028 1991 1118 2056 andi
1132 1991 1275 2075 popule
1296 1990 1440 2069 stulte,

313 2095 379 2178 qui
400 2112 476 2160 non
497 2094 613 2160 habes
634 2112 719 2159 eor:
741 2096 807 2176 qui
822 2092 1016 2160 habentes
1032 2095 1253 2160 oonlosnon
1270 2095 1474 2159 uidetiszo

313 2200 354 2263 et
376 2215 505 2277 aures,
529 2200 567 2261 et
589 2214 665 2261 non
681 2196 850 2273 auditis,
866 2200 898 2262 et
912 2196 1043 2263 iterum:
1061 2198 1155 2280 quia
1170 2200 1211 2263 tu
1226 2198 1441 2263 scientiam

313 2300 548 2384 reppulisti,
576 2303 614 2365 et
643 2317 715 2384 ego
742 2300 936 2385 repellam
963 2302 1001 2365 te
1026 2320 1072 2366 ne
1094 2300 1194 2367 mihi
1215 2300 1441 2367 sacerdotio

282 2403 503 2489 2lnngaris.
540 2422 613 2469 oum
640 2404 725 2469 enim
752 2403 786 2469 in
816 2402 942 2470 Christo
971 2422 1106 2471 omnes
1133 2405 1315 2471 thesauri
1337 2404 1441 2489 sapi·

312 2507 447 2574 entiae
468 2509 507 2572 et
528 2507 726 2573 seientiae
758 2506 989 2575 absconditi
1019 2526 1084 2573 esse
1110 2507 1263 2591 dieantur,
1285 2510 1440 2591 quomodo

311 2613 350 2694 is,
372 2613 428 2697 qui
449 2611 611 2679 Christum
633 2613 775 2680 inuenire
800 2613 991 2696 oontempsit
1021 2613 1079 2679 aut
1098 2612 1265 2678 inuentum
1285 2612 1473 2694 saerilegoa·

311 2733 366 2782 ore
385 2715 584 2800 blasphemat
607 2719 663 2782 aut
685 2720 770 2782 oerte
792 2717 983 2783 oatholioam
1003 2716 1096 2783 fidem
1117 2715 1277 2782 inmundis
1292 2715 1440 2798 operibus

311 2819 436 2902 polluit,
457 2839 567 2886 ueram
589 2820 756 2886 seientiam
769 2819 936 2886 adsecutus
958 2838 1025 2885 esse
1040 2821 1209 2885 medendus
1223 2819 1295 2884 est?
1320 2819 1440 2901 spiri·

311 2927 378 2990 tus
410 2926 513 2989 enim
542 2924 606 2992 dei
628 2923 806 3008 effugiet
831 2924 995 3004 fiotum,
1024 2941 1093 2989 neo
1115 2921 1335 2989 habitatin
1360 2940 1439 2988 eor·

311 3044 402 3110 pore
438 3027 597 3092 subdito
632 3029 818 3110 peooatis.
868 3046 929 3094 non
970 3045 1044 3111 ergo
1078 3027 1159 3093 alias
1195 3027 1236 3093 ad
1272 3025 1439 3092 solentiam

312 3129 488 3213 spiritalem
508 3129 570 3194 nisi
590 3129 650 3194 hoe
671 3130 779 3194 ordine
799 3130 990 3213 pemenitur‚
1013 3147 1106 3214 quem
1119 3147 1201 3196 unna
1214 3128 1471 3212 prophetemus

310 3232 470 3317 eleganter
497 3233 664 3315 expressit:
692 3232 889 3299 seminate
916 3234 1028 3300 nobis
1057 3232 1103 3300 ad
1124 3233 1342 3314 iustitiam,
1366 3251 1438 3298 me·

310 3335 392 3400 tite
413 3354 519 3419 spem
539 3337 666 3415 uitae,
690 3336 931 3404 inluminate
945 3337 1062 3404 nobis
1076 3338 1212 3404 lumen
1227 3337 1436 3403 scientiae.

413 3523 448 3579 14
465 3523 584 3581 Hieram.
600 3524 627 3590 5,
644 3524 677 3579 21
775 3526 809 3581 16
825 3525 869 3582 Os.
887 3525 952 3590 4,ss
1044 3525 1078 3580 18
1094 3523 1152 3580 001
1169 3524 1229 3592 2,3
1323 3522 1358 3580 22
1376 3521 1436 3591 Sap.

311 3609 451 3674 noete
552 3607 651 3665 2601.
669 3610 711 3677 10,
729 3609 763 3665 la
781 3609 876 3679 (Lxx)

361 3778 545 3835 assisto
644 3781 775 3836 deone
798 3781 827 3832 Σ
929 3779 1263 3834 nirommnnotornmt‘
1362 3775 1436 3832 tiar-

308 3865 397 3921 olisna
422 3865 523 3919 wuo
646 3866 664 3921 8
689 3866 758 3922 luent
783 3867 847 3918 ΣΠ
876 3881 933 3920 non
959 3865 985 3918 Ο
1112 3863 1144 3920 11
1170 3863 1316 3920 montionis
1341 3863 1371 3916 Σ

309 3952 405 4007 soribt.
428 3953 454 4004 Y
555 3953 588 4008 12
610 3952 728 4008 uelum
748 3952 791 4004 11²
893 3953 927 4008 14
949 3951 992 4006 his
1013 3951 1053 4004 11¹
1157 3951 1191 4007 15
1213 3951 1305 4006 oeulus
1327 3951 1369 4002 11ι

311 4036 343 4091 16
360 4039 391 4093 et
406 4041 476 4092 onte
492 4051 548 4092 aon
564 4053 616 4094 om.
634 4040 663 4090 Σ
754 4037 858 4093 sndltis
874 4039 917 4091 11²
935 4040 959 4106 (t
975 4037 1009 4094 ia
1025 4041 1113 4095 rum
1130 4039 1183 4095 litt.
1201 4040 1292 4106 ml:
1320 4035 1434 4092 audietis

309 4121 398 4175 M'O
499 4122 532 4178 l'l
549 4123 706 4193 reppnllisti
722 4129 750 4179 at
766 4125 912 4195 reppellem
929 4125 960 4176 Π
1058 4124 1207 4180 sacerdotio
1224 4123 1350 4194 fungeris
1365 4120 1434 4176 mihi

308 4209 335 4258 Τ
436 4209 620 4264 leonianae
641 4210 700 4266 eins
721 4212 748 4262 Ψ
846 4210 882 4265 20
899 4211 943 4264 liis
960 4210 1033 4264 11¹0
1132 4209 1277 4268 oontemsit
1294 4209 1368 4263 ΣΠι

308 4292 653 4351 autetiamnu’oeet
669 4295 763 4367 Vale:
785 4297 928 4368 “MP-2
1024 4297 1216 4368 ilpeooalol'
1306 4297 1434 4366 atquem

308 4379 335 4430 Τ
434 4379 600 4448 prolatarum
617 4382 751 4454 eliganter
767 4385 798 4436 Π
896 4384 932 4440 al
950 4384 1113 4441 minuma
1129 4386 1158 4439 Π
