3009 5200
473 408 633 464 Conlatio
657 409 726 474 1111,
746 409 854 465 14-1‘1.
1166 413 1225 476 lll

98 619 147 683 per
168 601 272 668 solius
295 602 345 667 dei
367 601 503 686 gratiam
533 601 691 684 possideri,
715 599 899 664 docentibus
920 617 976 664 noa
998 599 1223 681 quodammodo

98 705 191 786 ipsius
226 707 273 770 rei
309 705 537 788 experimentis,
571 709 604 768 ut
633 705 660 768 si
689 703 906 787 integritatem
942 702 1043 767 cordis
1077 712 1225 786 perpetuo

97 808 245 888 consequi
272 807 474 886 delectamur,
502 806 689 872 humilitatis
710 807 899 876 ,studeamus
930 807 1082 870 uirtutem
1110 807 1227 891 iugiter

97 909 250 975 obtinere.

80 1053 89 1090 a
135 1029 227 1096 XVI.
247 1033 349 1098 Huius
363 1031 462 1116 igitur
477 1031 623 1114 puritatis
639 1031 808 1096 elationem
819 1029 1069 1113 perniciosiorem
1084 1030 1229 1094 futuram

97 1133 218 1200 cunctis
246 1135 410 1200 sceleribus
434 1135 527 1216 atque
556 1133 686 1217 flagitiis
708 1136 739 1198 et
761 1134 801 1198 ob
822 1133 903 1198 hano
925 1133 1004 1199 nibil
1026 1151 1081 1198 nos
1106 1132 1225 1197 emolu·

96 1237 192 1302 menti
210 1239 435 1303 consecuturos
451 1257 504 1320 pro
520 1237 660 1320 qualibet
677 1237 834 1302 castitatis
849 1236 1032 1318 integritate
1048 1238 1142 1302 testes
1154 1236 1229 1299 sunt

95 1339 165 1404 illae
188 1341 329 1406 uirtutes
351 1359 482 1423 quarum
505 1343 647 1424 superius
675 1339 807 1406 fecimus
829 1341 1026 1422 mentionem,
1056 1360 1135 1422 quae
1157 1357 1229 1404 cum

97 1443 201 1508 nullas
227 1443 409 1510 huiusmodi
431 1444 630 1510 titillationes
652 1445 755 1510 earnis
769 1444 915 1510 habuisse
930 1447 1102 1522 credantur,
1125 1441 1164 1507 ob
1179 1458 1228 1507 so-

71 1547 156 1612 ulam
181 1547 290 1613 cordis
313 1547 477 1613 elationem
499 1555 651 1630 perpetue
672 1548 763 1615 ruina
777 1548 816 1614 de
829 1548 886 1615 illa
900 1547 1029 1614 sublimi
1043 1547 1228 1628 caelestique

96 1650 234 1717 statione
251 1651 387 1716 deiectae
410 1655 493 1717 sunt.
531 1669 669 1716 essemus
691 1651 799 1734 itaque
813 1652 938 1733 penitus
953 1653 1070 1735 absque
1087 1648 1225 1714 remedio

98 1753 206 1837 tepidi,
235 1755 343 1837 utpote
365 1773 427 1819 non
451 1754 598 1819 hebentes
626 1755 762 1819 indicem
791 1755 1007 1836 neglegentiae
1027 1758 1151 1820 nostrae
1174 1754 1227 1818 uel

97 1858 125 1920 iu
153 1873 289 1939 corpore
315 1861 419 1922 nostro
441 1857 492 1920 uel
514 1857 547 1920 iu
570 1855 769 1921 conscientiis
790 1856 922 1939 propriis
944 1857 1142 1936 insidentem,
1171 1875 1227 1921 nec

98 1965 298 2028 studeremus
325 1963 365 2027 ad
392 1959 589 2044 perfectiouis
616 1977 768 2043 umquem
795 1962 957 2042 peruenire
980 1959 1144 2040 feruorem,
1172 1961 1228 2026 sed

73 2083 134 2128 sne
147 2064 350 2146 frugalitatis
366 2066 491 2148 quidem
506 2065 734 2130 districtionom
750 2065 801 2128 uel
817 2065 1027 2130 continentiae
1041 2067 1228 2144 teneremus,

100 2168 155 2232 uisi
194 2185 255 2232 nos
290 2167 366 2233 baso
399 2168 541 2234 titillatio
576 2168 678 2234 carnis
712 2169 886 2234 increscens
919 2168 1101 2235 humiliaret
1133 2169 1228 2251 etque

100 2271 284 2335 retunderet
298 2275 330 2336 et
344 2269 493 2336 aduersus
508 2271 698 2354 spiritalium
715 2288 836 2353 quoqne
848 2272 998 2336 uitiorum
1009 2272 1227 2357 purgationem

100 2372 254 2438 sollicitos
277 2372 421 2438 redderet
442 2373 475 2438 et
495 2374 644 2438 intentos.

138 2493 247 2558 XVII.
285 2493 423 2576 Denique
455 2495 486 2560 in
518 2495 568 2559 bis
595 2493 649 2576 qui
676 2493 827 2576 spadones
855 2496 928 2560 sunt
956 2513 1079 2578 corpore
1112 2495 1226 2561 idcirco

76 2595 179 2664 abuuc
216 2597 315 2663 animi
348 2600 486 2679 teporem
513 2600 696 2681 plerumque
723 2595 826 2663 inesse
854 2597 1124 2681 deprehendimus,
1154 2597 1228 2683 quia

101 2700 186 2765 uelut
211 2700 348 2766 absoluti
363 2700 402 2766 ab
421 2701 481 2765 hae
496 2700 681 2767 necessitate
697 2703 814 2766 carnali
829 2720 884 2767 nec
899 2703 1005 2767 labore
1019 2702 1228 2768 continentiae

103 2804 270 2887 corporalis
292 2822 350 2869 nec
372 2802 558 2869 contritione
579 2804 679 2869 cordis
701 2820 734 2868 se
758 2804 939 2869 existimant
953 2806 1103 2888 indigere,
1120 2809 1151 2871 et
1171 2805 1229 2871 heo

104 2908 273 2973 securitate
311 2906 440 2972 resoluti
485 2904 654 2989 numquam
690 2908 911 2990 perfectionem
949 2908 1060 2987 cordis,
1098 2910 1153 2975 sed
1190 2928 1228 2975 na

103 3009 295 3090 spiritalium
332 3010 457 3092 quidem
495 3012 644 3075 uitiorum
680 3012 897 3094 purgationem
930 3012 982 3076 uel
1015 3030 1162 3095 quaerere
1195 3012 1228 3078 iu

78 3116 237 3179 speritate
261 3112 313 3178 uel
334 3112 491 3195 possidere
517 3112 678 3179 festinant.
712 3114 767 3195 qui
789 3114 890 3178 status
905 3132 924 3179 e
940 3116 1058 3181 carnali
1075 3114 1227 3199 qualitate

104 3214 264 3282 discedens
301 3214 436 3282 efficitur
471 3215 626 3295 animalis,
662 3217 715 3299 qui
749 3220 796 3281 est
827 3216 934 3299 procul
969 3217 1061 3284 dubio
1094 3220 1228 3284 deterior

106 3322 227 3400 padus.
266 3320 333 3403 ipse
362 3325 408 3385 est
437 3321 518 3386 enim
548 3322 601 3403 qui
630 3323 667 3386 de
695 3319 811 3405 frigido
842 3321 882 3386 ed
910 3320 1052 3405 tepidum
1073 3324 1227 3387 transiens

105 3422 317 3488 detestabilior
338 3424 457 3489 domini
478 3442 553 3489 uoce
575 3424 726 3508 signatur.

154 3662 169 3715 l
196 3660 331 3730 possidere
356 3660 447 3717 DOX
546 3662 563 3715 5
589 3660 770 3729 pernitiosiori
794 3659 835 3714 D¹
937 3661 955 3715 6
977 3662 1063 3731 adque
1084 3661 1163 3718 VOP

107 3746 280 3801 emulumenti
303 3745 363 3801 VP¹
461 3747 476 3800 ‘l
495 3749 683 3801 consecuturus
706 3744 733 3801 V
757 3747 939 3800 consecutoroa
955 3746 997 3801 D¹
1093 3750 1230 3803 testsmm

107 3831 183 3887 PXo
287 3831 305 3885 8
326 3831 431 3886 uirtute
453 3832 491 3887 W
589 3833 605 3886 9
626 3832 756 3886 babuesse
776 3831 803 3886 V
901 3831 934 3885 10
951 3831 1001 3886 ills
1017 3848 1068 3887 om.
1086 3833 1162 3887 PXc

108 3918 135 3971 ll
154 3914 253 3972 deiecti
270 3918 311 3971 D·
409 3918 442 3973 12
458 3920 556 3987 utpute
577 3918 671 3975 V¹PX
763 3917 877 3971 iudicem
894 3917 924 3972 D
1018 3919 1052 3971 13
1069 3920 1121 3987 uel}
1139 3922 1189 3973 aut
1206 3919 1234 3973 P

108 4002 156 4057 Xo
261 4002 294 4059 lb
311 4021 359 4059 uec
377 4003 410 4059 Χ
509 4004 669 4075 tragilltetia
687 4004 757 4061 12¹0
852 4004 1045 4058 continentiam
1063 4004 1164 4059 D¹PX

107 4090 139 4142 16
155 4088 239 4159 adque
260 4082 349 4147 VOP¹
435 4090 469 4145 18
486 4090 618 4145 sollicitus
639 4088 666 4145 V
758 4091 880 4144 intentus
901 4090 927 4145 V
1020 4090 1056 4144 20
1071 4091 1162 4160 quiO

108 4173 139 4227 22
156 4176 267 4244 estesse
288 4176 311 4232 O
404 4176 558 4230 existimant
579 4177 616 4232 V:
643 4174 816 4231 exbistimant
832 4176 862 4231 D
887 4175 1061 4231 ertimsutO
1085 4176 1231 4232 aestimant

111 4260 221 4316 WPXo
308 4262 377 4316 haec
398 4260 446 4317 W¹
539 4262 572 4317 23
589 4277 638 4317 neo
654 4260 685 4316 X
778 4263 813 4317 26
829 4260 965 4316 discedens
985 4260 1098 4317 VW:
1125 4262 1230 4317 descen·

110 4346 169 4401 dens
184 4348 301 4407 moxc
331 4346 488 4402 discendens
504 4348 533 4404 P
634 4349 761 4418 quilque
782 4348 806 4404 0
