3009 5200
511 459 671 515 Conlatio
694 459 733 528 11,
749 460 827 515 4-6.
1183 461 1232 526 45

95 663 148 727 pro
182 646 402 714 anniuersaria
430 647 641 713 sollemnitate
669 649 701 713 in
727 647 858 713 eeclesia
879 649 1042 713 retentatis
1064 648 1148 712 solus
1171 666 1231 713 uon

96 752 224 830 poterat
248 751 425 835 adgregari,
448 770 485 816 ne
508 750 828 832 quantulumcumque
849 752 1044 834 perceptione
1065 751 1232 834 leguminis

96 853 189 932 parui
212 871 233 916 a
257 871 315 919 suo
338 854 496 920 uideretur
518 854 674 937 proposito
703 854 864 919 relaxasse.
902 872 963 936 qua
984 855 1232 935 praesumptione

99 955 250 1036 deeeptus
280 957 427 1040 angelum
457 956 588 1022 Satanae
616 959 704 1023 uelut
732 957 879 1039 angelum
907 957 986 1022 lucis
1016 975 1087 1021 curn
1109 975 1232 1022 summa

82 1061 302 1124 truncatione
345 1061 517 1141 suscipiens
562 1062 687 1143 eiusque
728 1061 898 1142 praeceptis
934 1077 1028 1142 prono
1066 1058 1232 1124 oboediens

100 1161 262 1226 famulatu
284 1164 384 1230 semet
405 1163 506 1246 ipsum
531 1163 563 1228 iu
585 1167 724 1246 putenm,
752 1165 840 1228 cuiue
860 1162 1106 1246 profunditatem
1126 1162 1232 1226 oeulo-

102 1283 170 1327 rum
193 1281 261 1330 non
284 1265 424 1348 adtingit
445 1265 588 1346 intuitus,
610 1267 811 1347 praeeipitem
834 1264 929 1347 dedit,
945 1266 983 1330 de
999 1265 1102 1346 augeli
1117 1263 1232 1328 uideli-

102 1371 150 1431 eet
172 1369 224 1432 sui
249 1368 413 1450 sponsione
434 1386 495 1433 non
518 1369 671 1446 dubitans,
696 1367 749 1451 qui
772 1387 921 1451 cumpro
943 1369 1054 1432 merito
1076 1367 1232 1431 uirtutum

103 1487 136 1533 uc
170 1470 317 1534 laborum
355 1488 480 1535 snorum
517 1489 709 1553 nequequam
741 1488 833 1554 posse
866 1470 1045 1536 firmauerat
1078 1469 1137 1534 ulli
1169 1471 1233 1535 iam

76 1571 282 1638 „morimini
315 1573 482 1639 subiecere.
522 1575 609 1638 cuius
643 1574 688 1638 rei
721 1575 814 1639 fidem
847 1577 883 1638 ut
917 1574 1126 1658 experimento
1157 1568 1262 1638 suae4

104 1675 268 1758 sospitatis
291 1676 523 1741 euidentissime
546 1676 760 1758 conprobaret‚
776 1675 967 1758 supradicto
981 1694 1016 1740 se
1030 1680 1124 1759 puteo
1140 1675 1232 1741 nocte

106 1777 298 1859 intempesta
319 1778 438 1843 inlusus
459 1779 576 1863 iniecit,
600 1797 748 1861 magnum
772 1777 893 1843 seilicet
907 1781 1034 1843 uirtutis
1049 1796 1123 1844 suae
1137 1779 1232 1842 meri·

106 1886 174 1942 tum
196 1861 397 1962 probaturus,
420 1897 492 1946 curu
514 1881 586 1946 inde
608 1882 720 1946 exisset
742 1882 886 1945 inlaesus.
921 1881 958 1944 de
974 1899 1035 1963 quo
1050 1900 1121 1945 oum
1136 1898 1233 1962 paene

106 1981 170 2044 ism
193 1983 359 2065 exsanguis
381 1982 498 2063 ingenti
521 1982 654 2047 fratrum
682 1982 787 2047 labore
812 1981 924 2048 luisset
944 1985 1109 2060 extractus,
1131 1984 1230 2048 uitam

81 2083 155 2151 ndie
181 2084 280 2150 tertia
308 2085 463 2162 liniturus,
497 2085 577 2167 quod
606 2086 654 2149 his
681 2085 817 2151 deterius
839 2089 897 2164 est,
919 2084 966 2149 ita
987 2089 1019 2148 in
1042 2086 1231 2166 deceptionis

108 2203 179 2248 suae
215 2185 424 2252 obstinatione
457 2188 637 2270 permansit,
671 2191 707 2251 ut
739 2187 769 2253 ei
798 2205 836 2252 ne
865 2187 1074 2270 experimento
1107 2187 1232 2270 quidem

109 2289 219 2352 mortis
241 2307 314 2354 suae
336 2290 472 2370 potuerit
495 2290 682 2372 persuaderi,
706 2290 788 2372 quod
810 2289 921 2356 fuisset
941 2291 1127 2356 daemonnm
1141 2289 1232 2355 calli-

109 2389 206 2456 ditate
227 2391 366 2458 delusus.
403 2392 601 2472 quamobrem
628 2409 684 2472 pro
715 2391 834 2458 meritis
855 2390 998 2459 laborum
1019 2395 1179 2458 tantorum
1200 2393 1261 2460 etb

109 2509 260 2558 annorum
283 2495 505 2562 numerositate
528 2513 588 2577 qua
607 2496 640 2560 in
656 2497 779 2561 heremo
802 2494 981 2577 perdurabit
996 2495 1055 2561 hoo
1076 2495 1231 2560 miserati·

80 2616 165 2663 uene
199 2602 233 2664 et
268 2600 466 2668 humanitate
498 2620 621 2669 summa
652 2604 691 2669 ab
719 2602 769 2667 his
798 2604 852 2684 qui
879 2601 945 2665 eius
978 2597 1231 2681 conpatiebautnr

111 2701 200 2767 exitio
224 2702 279 2768 uix
301 2721 321 2768 a
342 2703 519 2788 presbytero
540 2704 653 2771 abbate
671 2705 818 2771 Pafnutio
839 2702 943 2785 potuit
958 2701 1102 2783 obtineri,
1118 2706 1155 2765 ut
1172 2718 1231 2765 uon

110 2802 192 2867 iuter
215 2804 413 2873 biothanatos
433 2807 593 2888 reputatus
622 2807 719 2873 etiarn
746 2805 896 2873 memoria
920 2807 953 2869 et
975 2804 1132 2871 oblatione
1154 2822 1231 2885 puu-

110 2908 248 2971 sautium
270 2907 461 2974 iudicaretur
481 2908 636 2990 indignus.

150 3024 207 3091 vl.
236 3024 318 3106 Quid
348 3028 448 3093 diuam
476 3028 513 3093 de
541 3028 606 3093 illis
635 3028 755 3093 duobus
783 3026 942 3100 iratribus,
970 3026 1025 3108 qui
1054 3044 1126 3091 cum
1147 3026 1234 3090 ultra

80 3126 199 3194 sillam
213 3128 375 3193 heremum
391 3129 575 3208 Thebaidos,
590 3129 645 3194 ubi
661 3130 817 3211 qnondam
829 3129 933 3194 fuerat
943 3132 1052 3195 beatus
1064 3130 1233 3211 Antonius,

111 3228 301 3313 habitarent,
324 3232 427 3297 minus
449 3234 541 3298 cauta
564 3233 749 3299 discretione
768 3233 903 3313 permoti
925 3235 1033 3296 euntes
1054 3250 1109 3314 per
1124 3234 1229 3295 exten

109 3332 175 3395 tam
198 3333 379 3399 solitudinis
402 3337 582 3400 aestimem
599 3335 719 3400 nullam
734 3351 834 3398 escum
848 3334 973 3415 penitus
987 3350 1108 3398 sumere
1123 3334 1229 3397 decro-

112 3440 235 3512 uerunt,
260 3437 322 3501 nisi
343 3454 435 3520 quarn
459 3456 514 3519 per
535 3441 636 3502 semet
657 3438 762 3519 ipsum
775 3436 841 3501 illis
855 3435 997 3500 dominus
1013 3432 1229 3516 praestitisset.

113 3552 245 3619 eumque
273 3543 410 3603 errantes
442 3558 491 3604 eos
518 3558 572 3623 per
599 3542 720 3605 deserta
749 3540 783 3603 et
809 3538 988 3605 deficientes
1015 3537 1080 3601 ianr
1107 3536 1190 3601 lame
1212 3540 1261 3605 at

84 3638 201 3722 solonge
216 3638 349 3705 Mazices
365 3639 593 3724 conspexissent
609 3642 699 3725 (queo
714 3659 791 3724 gens
807 3640 927 3705 cunctis
942 3657 1037 3723 paene
1051 3637 1229 3703 nationibus

115 3740 187 3805 ieris
207 3743 365 3808 inmanior
385 3747 477 3827 atque
501 3743 653 3811 crudelior
676 3745 741 3810 est:
758 3743 916 3809 nonenim
931 3758 981 3806 eos
996 3742 1036 3807 ad
1051 3740 1231 3806 effusionem

214 3894 232 3947 4
253 3896 288 3951 cl.
305 3896 335 3951 11
352 3896 411 3951 Cor.
430 3899 469 3961 11,
490 3897 523 3951 14

167 4030 400 4100 lsollempnitate
418 4033 457 4087 W
544 4033 792 4103 spumosumque
809 4032 850 4086 D¹
943 4030 976 4085 15
994 4030 1045 4099 die]
1064 4028 1106 4083 del
1123 4029 1165 4082 D¹

120 4114 149 4168 1⁷
166 4116 263 4184 poterit
279 4116 310 4171 D
412 4118 553 4173 demonum
571 4118 631 4173 DX
735 4119 768 4172 18
790 4117 954 4187 quanobrern
976 4116 1018 4169 1)ι
1121 4114 1153 4168 19
1178 4116 1232 4182 qud

120 4199 158 4252 Dl
241 4201 344 4257 herimo
361 4202 391 4256 D
480 4202 516 4258 ab
532 4204 700 4258 humanitate
722 4203 821 4260 WXr:
853 4200 1009 4256 humilitate
1027 4200 1077 4255 Do
1161 4214 1232 4254 com·

121 4286 282 4354 patiebantur
300 4302 334 4342 ecc
351 4289 398 4357 qui
416 4289 666 4358 compatiebantur
687 4290 726 4347 W
826 4290 859 4344 21
882 4287 993 4357 presbit.
1016 4285 1078 4340 DX
1106 4284 1232 4354 praesbit.

125 4372 160 4427 W
254 4374 288 4429 30
305 4390 372 4444 pene
394 4373 460 4429 WX
560 4376 592 4430 31
613 4377 697 4445 adque
721 4375 758 4430 W
