3009 5200
270 426 336 491 480
658 422 826 477 Iohannis
850 421 1011 477 Cassiani
1117 449 1124 459 ·

272 614 470 679 simulatione
486 615 634 689 dicemus,
657 631 735 695 qnae
750 632 823 677 cnm
837 614 906 677 tota
919 612 1060 679 fallentia
1074 620 1106 678 et
1120 614 1398 679 circumuenientis

272 729 432 801 promatur
452 718 565 782 ellectu
588 722 619 782 et
643 718 813 781 utilitatem
830 716 1022 782 consulentis
1039 717 1200 800 inpugnet,
1223 720 1399 799 scripturae

272 822 396 886 diuinae
417 820 598 886 testimonio
620 821 827 901 conprobatur
853 820 903 884 ita
925 821 1072 884 dicentis:
1095 821 1244 887 domini
1265 824 1397 886 autern

272 928 370 990 nutu
393 926 630 1007 dissipatum
653 929 711 988 est
739 923 958 989 consilinm
988 923 1191 989 Acbitoiol
1213 925 1334 1001 utile,
1355 927 1400 987 nt

273 1026 476 1091 induceret
497 1027 675 1092 dominus
696 1044 816 1109 super
842 1026 1029 1092 Absalom
1050 1027 1218 1092 malum?
1238 1046 1296 1091 nec
1312 1028 1399 1093 enim
1422 1047 1437 1087 a

272 1130 453 1213 reprebendi
475 1133 598 1212 poterat
619 1130 653 1194 id
674 1130 757 1213 quod
778 1134 864 1194 recto
885 1133 1042 1212 proposito
1065 1148 1102 1196 ac
1123 1131 1176 1212 pio
1199 1130 1314 1196 indicio
1341 1147 1400 1213 pro

273 1232 366 1299 iustis
387 1233 529 1315 partibus
543 1232 711 1317 gerebatur
723 1252 760 1297 ac
773 1252 829 1316 pro
844 1233 933 1297 illins
962 1236 1050 1297 cuius
1065 1234 1166 1315 pictas
1183 1232 1240 1298 deo
1254 1234 1399 1315 placebat

274 1336 374 1403 salute
404 1340 498 1419 atque
525 1336 659 1401 uictoria
687 1336 835 1419 religiosa
856 1336 961 1401 fuerat
982 1336 1182 1400 simulatione
1204 1340 1399 1419 conceptum.

244 1438 348 1523 equid
371 1440 466 1504 etiarn
487 1440 526 1504 de
547 1438 635 1504 illius
656 1438 790 1503 feminae
807 1440 1080 1519 pronuntiabimus
1093 1439 1189 1519 iacto,
1204 1458 1283 1521 qnae
1297 1441 1399 1504 susci-

274 1544 363 1625 piens
391 1542 463 1608 illos
492 1544 545 1626 qni
573 1542 613 1608 ad
639 1562 745 1627 regem
776 1542 879 1607 Dauid
908 1560 927 1607 a
952 1545 1110 1626 praedicto
1142 1542 1238 1607 Cbnsi
1270 1543 1437 1607 fueranto

274 1647 424 1711 destinati
451 1645 613 1711 abscondit
640 1646 672 1709 in
700 1650 794 1728 puteo
821 1650 853 1710 et
880 1647 1056 1729 expandens
1083 1647 1227 1711 uelamen
1250 1663 1400 1727 superos

274 1750 350 1831 eius,
387 1766 457 1814 cnm
501 1750 639 1832 ptisanae
676 1767 709 1813 se
748 1751 867 1815 torrere
903 1748 1095 1827 simulasset,
1130 1749 1398 1827 transierunt,

274 1852 387 1934 inquit,
417 1854 580 1934 gustata
606 1850 816 1934 paululum
839 1870 955 1934 aqna,
981 1856 1076 1935 atque
1096 1852 1156 1917 hoc
1176 1870 1228 1916 eos
1248 1852 1401 1935 figmento

274 1956 313 2021 ab
346 1956 573 2039 insequentium
608 1954 755 2021 manibus
787 1954 961 2021 liberauit?
994 1960 1183 2038 quapropter
1216 1956 1400 2039 respondete

275 2076 386 2141 quaeso
420 2058 510 2135 mibi,
543 2058 615 2141 qnid
649 2058 791 2123 fuissetis
825 2060 938 2133 acturi,
966 2060 995 2124 si
1024 2076 1086 2140 qna
1113 2060 1202 2125 nobis
1227 2078 1311 2123 nunc
1338 2057 1439 2123 subse

276 2162 436 2245 euangelio
459 2162 640 2226 constitutis
662 2162 777 2227 similis
799 2162 913 2228 fuisset
926 2166 1033 2228 exorta
1047 2162 1202 2228 condicio:
1217 2165 1400 2226 utrumnam

276 2264 466 2330 maluissetis
498 2283 550 2329 eos
572 2264 669 2329 simili
692 2264 794 2329 celere
818 2266 981 2331 mendacio
1002 2266 1141 2331 dicentes
1162 2265 1269 2330 eodem
1290 2263 1399 2330 modo:

277 2366 531 2433 transierunt
560 2370 725 2451 gustata
753 2368 960 2451 paululum
987 2387 1102 2453 aqua,
1126 2370 1158 2433 et
1177 2368 1297 2451 inplere
1317 2366 1401 2432 illud

277 2470 357 2553 qnod
380 2472 584 2554 praecipitur:
612 2490 702 2536 erue
724 2490 810 2552 eos,
832 2471 900 2555 qui
926 2474 1127 2537 ducuntur
1148 2472 1193 2538 ad
1214 2472 1400 2537 mortem:

278 2576 315 2640 et
350 2575 500 2642 redime
535 2592 600 2642 eos
633 2578 699 2660 qni
731 2575 1060 2657 interficiuntur,
1093 2596 1137 2642 ne
1168 2594 1325 2661 parcas,
1358 2594 1439 2641 anso

248 2679 418 2744 'lueritatis
447 2678 639 2744 confessione
668 2678 832 2746 latitantes
864 2681 995 2764 prodere
1025 2679 1254 2762 perempturis?
1285 2683 1318 2744 et
1344 2678 1402 2744 ubi

278 2779 356 2845 illud
379 2781 528 2865 apostoli:
551 2799 660 2847 nemo
682 2784 781 2864 quod
804 2801 915 2848 snum
937 2787 999 2848 est
1020 2789 1203 2866 quaerat,
1219 2784 1284 2848 sed
1299 2784 1403 2867 quod

277 2883 461 2962 alterins,
496 2885 544 2949 et:
578 2885 728 2951 caritas
760 2905 836 2952 non
872 2886 1030 2969 quaerit
1062 2905 1158 2968 qnae
1189 2905 1259 2951 sna
1290 2887 1401 2966 sunt,

278 2985 342 3052 sed
364 3005 406 3052 ea
427 3007 522 3072 qnae
543 2989 728 3068 aliorum,
754 3008 793 3055 ac
813 2989 852 3056 de
867 2991 1086 3074 seipsoznon
1102 3005 1265 3072 quaero,
1287 2989 1401 3071 inquit,

279 3089 377 3173 qnod
398 3089 494 3155 mibi
515 3091 616 3156 utile
637 3095 699 3157 est
720 3096 784 3159 sed
800 3096 900 3176 quod
916 3094 1071 3172 multis,
1094 3092 1256 3157 utsalui
1271 3091 1439 3156 fiantt’se

277 3195 304 3259 si
326 3195 408 3258 enim
432 3211 468 3257 ea
490 3211 569 3278 qnae
592 3199 697 3261 nostra
718 3201 795 3260 sunt
816 3197 995 3279 quaerimus
1017 3201 1050 3262 et
1071 3199 1102 3262 id
1124 3195 1206 3278 qnod
1219 3195 1309 3260 nobis
1323 3195 1404 3259 utile

278 3298 326 3362 est
347 3297 549 3380 pertinaciter
569 3296 715 3363 nolumus
730 3301 898 3381 retentare,
913 3302 1008 3367 etiam
1024 3302 1059 3364 in
1074 3297 1252 3363 huiusmodi
1268 3297 1402 3362 necessi·

277 3397 394 3464 tatibm
423 3399 509 3482 loqui
538 3417 594 3464 nos
621 3418 745 3466 necesse
775 3407 825 3466 est
854 3403 1022 3468 ueritatem
1050 3403 1084 3467 et
1111 3419 1179 3466 reos
1201 3399 1268 3464 fieri
1290 3401 1402 3465 mortis

380 3608 642 3679 311Reg.1r‚14
728 3610 891 3665 rateto
982 3613 1015 3667 19
1033 3613 1110 3668 Pror.
1127 3615 1171 3680 24,
1189 3615 1218 3667 ll
1239 3612 1336 3680 (Lxx)

277 3691 510 3762 ramosiore
606 3694 1009 3765 sumersetensium
1101 3697 1335 3762 colossaeas

330 3893 416 3946 ltoto
428 3890 504 3946 YOr
588 3893 825 3948 circumuenientea
836 3893 876 3944 Π·
961 3893 1104 3950 dabitoiel
1115 3895 1188 3946 11¹r
1271 3893 1401 3948 utileoaa

279 3976 337 4030 ΠΟ
422 3977 456 4032 10
473 3976 529 4031 cusi
548 3977 573 4031 Ο
661 3979 692 4032 ll
712 3979 838 4033 distinati
856 3982 882 4031 Τ
966 3981 1000 4036 12
1015 3984 1125 4050 tysanae
1142 3981 1167 4032 Y
1190 3979 1292 4034 tisanae
1311 3978 1337 4032 O

280 4067 377 4117 terrere
389 4062 428 4115 11¹
446 4065 531 4118 terere
543 4064 583 4116 11¹
648 4064 681 4118 13
692 4063 788 4133 inquid
800 4065 854 4118 ΤΟ
914 4065 1050 4135 paululum
1062 4066 1088 4118 Y
1148 4065 1181 4120 16
1192 4065 1337 4120 extortaZ

282 4182 314 4236 ns
335 4183 473 4251 purorum
496 4185 522 4238 n
623 4183 656 4239 le
679 4157 806 4239 uisuntur
829 4187 855 4238 c
954 4187 990 4241 oo
1009 4185 1136 4240 sermm
1154 4185 1213 4240 no
1316 4185 1357 4254 no]
1375 4186 1402 4237 e

281 4269 452 4325 Pieres.
554 4271 863 4341 erpsmmmmzo
959 4270 1402 4342 poctnbitrr‘r‘uddeatu

280 4354 353 4406 aa?
453 4355 976 4422 blaeom.2‚a.l.additararioll
1079 4357 1280 4428 inquidHYO
