3009 5200
530 440 692 496 conlatio
715 440 804 509 xxu,
827 443 850 496 1.
1190 444 1252 512 615

203 630 259 698 XI.
283 628 372 709 Quod
407 631 440 697 in
476 630 683 699 similitudine
718 630 822 697 earnis
858 630 979 713 peooeti
1013 632 1097 697 solus
1131 632 1252 698 uenerit

280 734 436 801 cbristus.

185 836 260 903 Xll.
283 836 372 917 Quod
395 838 472 904 insti
494 840 527 905 et
540 840 642 905 saneti
657 858 762 905 omues
777 858 838 903 non
854 838 972 905 inerint
987 840 1019 904 in
1036 838 1251 916 similitudine,

281 942 337 1008 sed
359 942 394 1006 iu
414 941 550 1007 ueritate
573 942 701 1024 peceati.
810 945 815 952 ’

105 1070 118 1109 s
166 1042 257 1109 XIII.
280 1042 368 1124 Quod
390 1062 452 1112 non
474 1045 541 1111 sint
562 1049 630 1111 tom
657 1045 765 1129 grauna
787 1048 916 1128 peooata
936 1046 1124 1123 senetorum,
1148 1046 1251 1111 uteie

282 1148 427 1215 auferant
449 1149 597 1214 meritum
619 1148 807 1217 sanctitatis.

150 1250 258 1318 XIIII.
282 1252 443 1334 Quomodo
464 1253 710 1337 intellegendum
729 1252 773 1317 sit
788 1250 867 1318 illud
883 1253 1030 1335 apostoli:
1054 1271 1127 1318 non
1151 1252 1250 1319 enim
1354 1250 1358 1259 '

281 1359 380 1438 quod
403 1356 494 1422 uolo
519 1356 628 1422 faeie
651 1356 801 1422 bouum.

191 1457 261 1527 XV.
284 1458 437 1545 Obieotio,
467 1479 502 1525 oo
524 1459 606 1542 quod
628 1480 664 1525 er
686 1462 884 1543 peooatorum
913 1457 1017 1543 potius
1040 1478 1170 1543 persone
1192 1458 1251 1524 boo

89 1589 115 1629 ιο
280 1564 439 1645 apostolus
458 1564 572 1628 dixisse
597 1563 766 1629 credendus
788 1564 841 1629 sit.

169 1662 257 1731 XVI.
280 1666 396 1731 Dilatio
419 1666 597 1749 propositae
619 1667 820 1749 quaestionis.

168 2125 193 2193 I.
216 2126 295 2190 Post
328 2126 394 2193 dies
421 2126 517 2192 ferme
551 2132 670 2210 septem
705 2124 1006 2210 QuInquegousimee
1042 2126 1250 2191 sollemnitate

122 2232 283 2295 transacta
312 2249 382 2294 oum
409 2228 532 2313 inipso
556 2230 777 2307 noetiainitiq
809 2230 841 2295 id
865 2232 911 2293 est
934 2232 1005 2311 post
1034 2228 1166 2311 synaxin
1195 2246 1250 2292 uo·
1337 2318 1344 2329 ι

122 2332 295 2416 spertinam
316 2334 487 2417 promissae
511 2333 733 2415 disputationis
757 2334 967 2416 eupsetetions
991 2332 1132 2415 suspensi
1148 2332 1248 2397 saneti

86 2435 268 2508 „Theonae
290 2435 439 2501 cellulam
462 2436 631 2501 fuissemus
653 2437 795 2520 ingressi,
818 2434 918 2500 elecer
940 2452 1032 2498 senex
1047 2434 1141 2499 hilari
1156 2434 1250 2499 uultu

123 2557 160 2604 ae
193 2538 309 2605 blando
342 2546 398 2607 uos
431 2540 515 2624 prior
548 2558 688 2605 sermone
726 2538 913 2623 conpellans,
953 2538 1099 2615 mirabar,
1137 2538 1248 2621 inquit.

122 2643 379 2708 ardentissimum
394 2643 533 2708 studium
549 2645 687 2708 uestrum
701 2643 750 2707 his
766 2650 884 2724 septem
897 2637 1006 2705 diebus
1020 2639 1247 2707 absolutionem

122 2745 302 2828 propositae
325 2747 515 2827 quaestionis
543 2747 684 2828 potuisse
714 2743 838 2810 differre
862 2744 894 2809 et
916 2743 1048 2810 debitori
1070 2762 1135 2822 suo,
1158 2764 1247 2828 pree·

121 2848 213 2931 oipue
250 2868 312 2914 nou
349 2851 481 2932 roganti,
519 2848 700 2914 dilationem
737 2849 820 2914 tanti
857 2847 1006 2930 temporis
1042 2847 1246 2932 praestitisse.

84 2953 333 3029 „iustissimum
355 2953 483 3036 proinde
506 2956 563 3035 est,
588 2956 624 3018 ut
646 2953 721 3036 quia
741 2952 825 3018 ultro
847 2950 928 3016 mihi
950 2951 1127 3035 benigniias
1143 2953 1278 3018 uestre2

120 3062 189 3122 tarn
218 3056 323 3139 larges
353 3059 506 3122 oonoessit
535 3056 683 3137 indutias,
713 3075 770 3142 ego
800 3073 921 3140 quoque
949 3074 1068 3122 moram
1094 3055 1248 3121 indebiti

121 3159 330 3225 redhibitione
364 3178 424 3224 non
457 3159 580 3224 faniam.
621 3161 712 3242 grata
743 3178 877 3243 namque
908 3161 956 3224 est
988 3158 1080 3225 huius
1113 3157 1247 3224 foenoris

121 3263 293 3344 occupatio,
325 3281 402 3345 quae
432 3261 551 3327 maiora
581 3263 656 3327 dum
688 3263 821 3328 soluitur
848 3264 1018 3348 augmento
1039 3261 1193 3344 conquirit
1216 3261 1248 3325 et

224 3482 240 3537 'l
262 3482 336 3537 Rom.
356 3482 382 3550 I,
401 3483 433 3537 19

173 3689 187 3741 1
210 3687 419 3743 similitudinem
442 3687 464 3743 0
566 3689 807 3744 3similitndInenr
827 3687 868 3743 K¹
970 3689 1065 3744 Suolo
1083 3673 1133 3744 boe
1152 3689 1180 3745 Β

119 3774 152 3828 11
177 3773 352 3842 quaestionis.
382 3773 538 3842 Explieiunt
559 3774 679 3844 sepltule
702 3774 761 3829 BF
804 3775 917 3829 ffiniunt
940 3776 1101 3846 oepitulad
1147 3775 1247 3847 Inoipit

118 3858 238 3913 oonlatio
255 3858 363 3913 abbatie
379 3859 495 3914 theonae
512 3859 545 3913 de
562 3858 702 3914 nocturnis
718 3860 898 3915 inlusionibus
917 3861 1029 3929 (Incipit
1039 3861 1104 3915 odd.
1117 3861 1167 3927 11¹)
1187 3875 1246 3916 oon-

118 3945 187 3999 latio
210 3941 251 3996 ·V·
273 3945 304 4014 βε
330 3961 381 3999 om.
399 3945 458 4000 BF
489 3943 607 4014 leplioit
622 3945 752 4013 capitula.
787 3945 887 4015 Inoipit
905 3945 1022 4002 oonletio
1040 3946 1167 4001 uicesima
1185 3945 1247 4002 ecda

122 4031 147 4086 0
245 4031 279 4083 12
296 4029 350 4083 fere
367 4029 409 4084 F·
499 4031 736 4099 quinquagesimae
753 4030 835 4085 BFO
851 4037 883 4085 set
899 4032 986 4086 soloti
1079 4031 1189 4086 solemn.
1207 4031 1246 4087 Β·

118 4117 152 4171 Κ
238 4115 270 4168 13
287 4116 378 4170 inova.
395 4116 434 4186 dr
519 4117 547 4170 id
559 4119 601 4171 est
612 4132 664 4171 osa.
680 4115 712 4171 F
794 4117 898 4171 sinaxin
913 4117 995 4173 ΒΕΘ
1021 4117 1178 4188 synaxImqi

118 4204 152 4258 16
165 4200 437 4270 uquioffl‘om
526 4203 558 4256 18
570 4202 758 4274 praeeipiaeF
847 4203 878 4256 21
891 4202 1042 4273 iuduoiasd
1133 4205 1247 4260 22redi-

117 4289 221 4343 bitione
239 4285 268 4350 (d
279 4287 312 4338 io
321 4301 376 4340 roe.
388 4303 423 4339 m.
436 4289 466 4352 2)
479 4287 507 4342 Β
519 4288 626 4342 eom
650 4287 825 4342 rethibitious
843 4287 898 4343 FO
982 4288 1097 4342 faenoris
1110 4289 1149 4344 F:
1177 4289 1244 4346 loen.

114 4373 218 4432 Bm
244 4371 343 4425 fenoris
365 4371 430 4426 011¹
531 4373 566 4426 23
586 4376 728 4428 aucmenta
745 4373 787 4427 Κι
