3009 5200
287 422 354 487 430
681 415 846 470 Iohannis
863 414 1021 469 Cassiani

290 609 470 676 editioribus
486 608 609 674 cellulis
624 606 843 672 recondantur.
868 624 940 670 nam
956 603 1086 670 madens
1101 602 1253 669 ebrietate
1268 603 1419 669 continua

289 717 391 779 terrae
424 713 511 778 illius
545 710 646 776 solum
679 709 832 774 humandi
868 712 953 774 arcet
986 708 1131 773 officium.
1178 707 1205 772 si
1238 724 1299 789 qua
1331 705 1416 771 enim

289 818 442 882 mdauera
473 814 592 879 defossa
625 812 807 895 susceperit,
844 828 986 877 enomere
1019 810 1059 875 ad
1094 808 1291 892 superficiem
1327 826 1416 873 suam

259 919 527 989 hinundationum
549 916 715 981 nimietate
744 914 940 995 conpellitur.
979 932 1050 979 cum
1074 913 1174 995 igitm
1198 911 1417 993 antiquissimo

289 1022 416 1088 cuidam
437 1020 580 1085 cadaueri
603 1017 716 1083 beatus
738 1016 897 1083 Macarius
927 1016 1114 1099 adstitisset,
1138 1016 1197 1081 ait:
1222 1033 1239 1079 o
1261 1015 1364 1093 homo,
1389 1014 1452 1079 sis

289 1125 427 1189 uenisset
449 1124 510 1188 hnc
523 1141 647 1188 mecum
661 1120 835 1186 haereticus
850 1120 904 1185 iile
919 1119 1003 1185 filius
1018 1119 1201 1202 perditionis
1218 1123 1250 1185 et
1272 1120 1419 1185 adstante

288 1231 355 1312 ipso
384 1244 497 1292 nomen
527 1224 646 1291 Christi
675 1224 726 1288 dei
755 1226 818 1288 mei
839 1223 989 1289 inuocans
1013 1223 1245 1299 exclamassem,
1268 1226 1417 1287 utrumne

289 1348 391 1397 coram
413 1330 474 1406 his,
497 1329 551 1411 qui
572 1346 670 1412 paene
690 1328 760 1391 eins
783 1324 908 1392 inerant
930 1326 1039 1391 fraude
1052 1326 1204 1401 subsensi,
1221 1330 1417 1391 surrecturus

289 1434 401 1499 fuisses
423 1432 547 1497 edicito.
580 1435 649 1495 tum
671 1429 728 1494 iile
750 1446 938 1513 consurgens
962 1428 1127 1495 adnuentis
1150 1447 1225 1493 uoce
1247 1429 1417 1511 respondit.

148 1522 156 1536 ’
290 1554 382 1618 qnam
405 1535 601 1616 interrogans
624 1532 722 1597 abbas
751 1532 908 1599 Macarius
930 1532 1082 1614 quidnam
1104 1531 1218 1597 fuisset
1239 1531 1453 1614 aliquandon

290 1654 363 1704 oum
384 1639 539 1703 frueretur
561 1636 620 1701 hac
640 1634 718 1715 nita,
741 1636 793 1701 nel
823 1654 885 1718 qua
914 1635 1077 1701 hominum
1100 1634 1213 1701 diisset
1234 1638 1338 1699 aetate
1362 1635 1419 1699 aut

290 1740 453 1807 sinnmon
473 1739 592 1807 Christi
614 1743 691 1805 tunc
713 1740 862 1823 temperis
885 1740 1093 1821 cognouisse,
1120 1739 1176 1805 ille
1191 1738 1249 1805 sub
1265 1740 1419 1821 antiquis·

290 1845 379 1910 simia
409 1844 535 1928 regibus
565 1843 737 1909 reuixisse
760 1842 920 1925 respondit
943 1842 1123 1924 Christique
1145 1860 1256 1909 nomen
1280 1841 1419 1909 adseruit

260 1947 357 2019 billis
387 1966 420 2012 se
448 1965 505 2013 nec
532 1947 657 2013 audhse
682 1948 885 2031 temporibus.
923 1948 972 2013 cui
996 1962 1104 2011 rursus
1127 1945 1225 2011 abbas
1248 1944 1419 2023 Macarius,

290 2052 401 2129 dormi,
432 2051 547 2133 inquit,
575 2050 610 2115 in
637 2068 713 2133 pace
743 2068 816 2115 cum
846 2050 957 2115 ceteris
980 2050 1014 2114 in
1036 2052 1091 2113 tuo
1113 2047 1230 2127 ordine,
1253 2067 1273 2114 a
1293 2046 1453 2115 christon

289 2154 323 2219 in
353 2154 415 2219 fine
446 2156 623 2238 temporum
655 2152 865 2219 suscitandus.
911 2152 986 2219 haec
1019 2152 1119 2235 igitur
1152 2152 1220 2217 eius
1253 2152 1356 2217 uirtus
1388 2155 1421 2217 ct

288 2257 394 2339 gratia
424 2259 577 2340 qnantum
606 2256 736 2339 inipso
766 2256 829 2321 tuit
858 2274 981 2338 sempor
1010 2254 1143 2321 fortasse
1173 2255 1329 2333 latuisset,
1358 2254 1420 2319 nisi

289 2378 362 2425 eum
384 2360 552 2426 necessitas
574 2359 672 2424 totius
693 2357 872 2441 prouinciae
894 2357 1105 2441 periclitantis
1120 2358 1241 2441 storga
1256 2356 1420 2423 Ghristum

288 2462 383 2546 piena
414 2464 537 2529 deuotio
570 2480 718 2545 amorque
755 2462 895 2527 sinceros
927 2461 1014 2527 istud
1048 2478 1192 2527 exercere
1228 2462 1419 2527 miraculum

290 2566 491 2651 oonpnlissat.
524 2568 606 2649 quod
631 2567 739 2650 utique
762 2570 798 2632 ut
813 2567 852 2632 ab
867 2584 903 2632 eo
918 2565 1008 2632 fieret
1023 2582 1085 2632 non
1100 2564 1270 2630 ostentatio
1283 2562 1417 2648 glerim,
1428 2590 1453 2630 n

289 2671 345 2736 aed
367 2670 482 2736 caritas
505 2669 624 2735 Christi
646 2673 679 2735 et
693 2671 792 2736 totius
806 2668 909 2752 plebis
924 2670 1053 2736 extorsit
1068 2669 1208 2736 utilitas:
1235 2671 1272 2735 ut
1287 2668 1419 2735 beatum

289 2792 411 2857 quoque
433 2774 559 2840 Heliam
580 2773 692 2839 iecisse
713 2773 892 2856 Regnorum
914 2773 1009 2838 lectio
1024 2772 1219 2856 manifestat,
1238 2771 1293 2854 qui
1311 2772 1419 2856 ignem

288 2876 327 2942 de
363 2878 448 2943 caelo
484 2895 576 2959 snper
613 2876 732 2942 hostias
768 2878 918 2958 inpositae
955 2895 1049 2960 pyrae
1081 2877 1196 2944 idcirco
1229 2876 1418 2942 descendere

288 2980 472 3064 postulauit,
509 2983 545 3044 ut
579 2979 815 3063 periclitantem
857 2980 1197 3063 pseudoprophetarum
1237 2979 1418 3064 praestigiis

289 3083 382 3150 iidem
402 3085 501 3149 totins
523 3083 631 3166 populi
653 3083 810 3149 liberarat.
1426 3103 1450 3146 a

331 3203 409 3267 1111.
439 3202 520 3284 Quid
551 3203 648 3269 etiam
677 3202 798 3269 abbatis
820 3202 967 3268 Abrahae
992 3203 1082 3286 gesta
1101 3219 1339 3287 conmemorem,
1364 3203 1416 3286 qui

288 3300 423 3384 ἁπλοῦς,
456 3308 488 3372 id
523 3309 571 3371 est
607 3306 740 3389 simplex
773 3325 828 3390 pro
867 3306 1072 3391 simplicitate
1103 3323 1227 3372 morum
1263 3309 1295 3371 et
1325 3306 1417 3372 inne-

289 3411 392 3476 centia
420 3409 681 3494 cognominatur?
710 3411 764 3492 qui
792 3429 864 3475 cum
892 3410 1030 3476 metendi
1051 3409 1155 3495 gratia
1175 3407 1215 3476 ad
1236 3411 1417 3495 Aegyptum

341 3663 554 3722 lreconduntur
572 3667 601 3717 Σ
700 3664 889 3722 tedecharius
906 3665 961 3718 ΤΟ
1055 3665 1097 3720 ait
1111 3679 1166 3720 osa
1184 3664 1239 3717 ΤΟ
1335 3664 1417 3720 homo

289 3751 388 3820 inquid
405 3754 459 3806 Po
562 3751 663 3821 iipao]
682 3750 731 3806 illo
750 3750 776 3804 0
878 3749 1006 3806 8fraude
1022 3750 1130 3806 inerant
1147 3752 1173 3804 ‘P
1274 3749 1307 3805 10
1323 3749 1416 3818 abhas]

288 3837 429 3892 butaro
530 3836 682 3892 macharius
700 3837 756 3890 ΤΟ
856 3837 995 3906 quidnam]
1015 3837 1063 3906 qui
1080 3839 1106 3889 Y
1207 3836 1305 3892 141110
1323 3836 1349 3889 0

289 3932 368 3979 roret
394 3923 420 3977 Ο
521 3922 673 3978 macharius
699 3925 725 3976 Y
749 3923 882 3978 macarius
905 3921 989 3978 abbas
1014 3921 1039 3975 Ο
1143 3923 1175 3978 15
1201 3921 1297 3992 inquid
1323 3921 1350 3974 0

149 3995 153 4001 ’
290 4011 325 4064 1e
340 4009 423 4065 mon
440 4009 466 4062 0
569 4009 603 4064 rs
618 4009 772 4079 prosumo
790 4011 817 4060 r
916 4009 949 4063 re
966 4009 1037 4063 nuo
1053 4010 1082 4060 Σ
1183 4008 1219 4063 ae
1238 4008 1416 4064 astamus

289 4097 318 4148 Σ
419 4095 455 4150 22
476 4095 562 4165 etiam
589 4093 615 4146 0
716 4093 752 4148 23
774 4093 893 4148 hostiam
917 4094 1070 4163 impositam
1095 4095 1120 4146 Y
1219 4093 1295 4162 pirae
1320 4095 1349 4146 Σ

288 4179 325 4234 24
340 4180 491 4252 seudoprei.
510 4180 536 4234 0
637 4179 672 4236 26
688 4179 792 4250 popuii]
809 4181 874 4248 polu
891 4181 922 4232 H
924 4217 932 4245 ,
955 4195 1025 4236 cerr.
1042 4182 1076 4238 a'a
1093 4179 1191 4250 populo
1291 4181 1329 4236 26
1344 4178 1416 4250 quod

289 4265 329 4316 Πι
442 4280 667 4322 conmemorarom
694 4267 723 4317 Σ
757 4279 947 4320 commonerem
974 4265 1014 4318 11¹
1133 4266 1168 4320 ii
1194 4281 1297 4321 arraona
1322 4265 1349 4319 0

288 4351 492 4421 simplicitatem
508 4351 548 4403 11¹
651 4351 686 4406 28
703 4350 822 4421 gratiam
837 4351 878 4404 Πι
