3009 5200
261 424 326 491 504
653 422 817 479 Iohannis
835 423 993 479 Cassiani

262 614 373 678 cedens
394 612 490 677 uestri
512 612 627 678 laboris
648 612 811 695 industria,
841 616 877 676 ut
906 611 1008 695 parati
1029 613 1093 676 iam
1114 614 1207 695 etque
1228 613 1262 677 in
1284 614 1384 678 isdem

264 716 418 782 exercitiis
440 716 619 799 deprehensi
638 716 762 781 facilins
777 721 942 800 praecepta
957 716 1114 781 seniorum
1130 719 1222 797 atque
1237 716 1387 781 instituta

262 818 447 901 suscipient,
482 821 625 901 ipsosque
658 818 691 883 iu
725 818 856 884 cellulas
892 836 963 883 snas
999 824 1139 883 auctores
1172 818 1384 883 oonlstionum

264 938 333 986 cum
364 923 440 1004 ipsis
469 922 681 986 conlatiouum
708 920 922 987 uoluminibus
949 920 1134 1007 recipientes
1161 921 1196 985 et
1216 920 1385 988 cotidianis

262 1025 487 1108 quodammodo
530 1043 600 1089 cum
645 1027 689 1089 eis
725 1025 1021 1109 interrogationibus
1059 1043 1096 1089 ac
1131 1024 1423 1106 responsionibuse

263 1129 482 1210 conloquentes
513 1146 575 1193 nou
603 1128 735 1209 propriis
769 1128 1042 1193 adiuuentionibus
1070 1128 1202 1192 arduam
1230 1127 1325 1192 istam
1351 1132 1384 1193 ct

260 1231 454 1315 incognitam
476 1232 574 1296 ferme
597 1232 630 1295 in
653 1231 710 1295 hae
732 1232 856 1313 regione
878 1232 1028 1314 adpetant
1041 1232 1136 1307 mum,
1159 1231 1215 1295 sed
1228 1232 1383 1313 periculo·

258 1352 328 1398 aam
357 1335 455 1400 etiam
481 1333 559 1410 illie
588 1333 641 1398 nbi
671 1333 735 1399 iam
760 1334 921 1399 tritissimi
942 1334 1038 1399 calles
1058 1337 1091 1397 ct
1106 1333 1271 1399 innumera
1292 1352 1384 1416 prae·

261 1428 437 1503 cedentium
474 1436 614 1520 exempla
657 1456 719 1503 uon
763 1439 886 1515 desunt,
927 1438 1149 1503 erechoreeeos
1185 1437 1384 1520 disciplinam

261 1542 387 1606 iliorum
409 1540 514 1623 potius
535 1542 706 1624 praeceptis
729 1558 840 1623 capere
860 1544 1070 1619 consuescant,
1100 1558 1175 1624 quos
1189 1540 1224 1605 in
1239 1542 1422 1607 omnibusne

262 1648 295 1709 et
318 1642 448 1727 antiqua
469 1643 598 1710 traditio
621 1646 653 1708 et
673 1644 785 1729 longae
812 1643 1019 1726 experientiae
1044 1642 1194 1709 instruxit
1215 1644 1382 1709 industria

316 1936 329 1987 l
353 1932 440 2001 adque
462 1932 501 1989 13¹
603 1932 707 1987 hisdem
725 1932 849 1989 FOBK¹
952 1934 969 1987 2
992 1932 1079 2003 adque
1102 1932 1130 1988 R
1232 1933 1247 1986 ‘i
1265 1932 1384 2001 periculo

264 2021 334 2091 fame
352 2018 384 2073 K
486 2019 517 2073 10
534 2035 599 2089 quos
617 2019 691 2073 etin
709 2020 739 2073 F
841 2021 872 2074 11
891 2018 1035 2074 industria.
1057 2014 1133 2072 sinn
1150 2018 1280 2087 praedatio
1299 2016 1385 2073 FOK

262 2104 400 2174 Incipiunt
422 2104 542 2173 capitula
560 2104 677 2172 (abbatis
695 2107 804 2173 piamun
823 2104 888 2159 cdd.
907 2104 950 2169 K)
973 2105 1112 2158 detritus
1130 2104 1273 2173 generibus
1291 2119 1385 2158 mona-

262 2191 371 2245 chorum
390 2190 495 2245 abbatis
513 2190 622 2259 pismuu
641 2190 712 2258 (abb.
730 2193 767 2259 pi.
785 2207 835 2245 οιιι.
855 2191 899 2257 K)
917 2191 983 2246 ΓΚ
1013 2190 1143 2259 capitula
1160 2189 1275 2244 eiusdem
1298 2189 1328 2255 0,
1351 2191 1384 2243 ιἰι

261 2292 314 2346 pce
338 2278 463 2346 capucia
480 2278 685 2345 praefudme
704 2277 877 2345 prueoedemt
910 2278 1049 2347 Incipiunt
1071 2277 1193 2346 capitula
1215 2275 1256 2339 R,
1279 2277 1313 2329 ιἰι
1329 2290 1385 2345 quo

258 2378 347 2431 cepae
364 2363 526 2431 capitulatio
540 2364 715 2432 praefationi
730 2365 885 2431 mendac
901 2370 942 2418 cet
