3009 5200
296 424 361 489 514
687 415 853 473 letarii·
868 415 1028 471 Cassiani

296 626 437 675 summae
465 606 594 673 uirtutis
622 605 792 682 adfectent
820 608 873 671 uel
902 606 1090 672 umaro
1111 604 1151 669 ad
1172 606 1254 669 tanc
1276 602 1422 685 preteet-

297 729 388 777 onsm
431 710 537 775 uenire
580 709 722 792 conpulsi
759 708 844 773 dum
884 710 1003 775 maeri
1039 707 1258 774 mommerlo
1293 706 1422 773 nomiae

298 813 518 880 monachornm
550 811 668 895 absque
700 811 769 877 nlla
799 811 977 877 studiorum
1011 812 1223 878 ammone
1256 809 1421 883 festinant,

298 916 514 983 coenobiorum
549 914 730 980 nullatenus
763 916 913 997 expetunt
945 914 1147 998 disciplinam
1178 932 1236 979 nec
1262 911 1422 979 morum

296 1020 472 1087 subduntur
504 1016 633 1083 arbitrio
673 1018 729 1083 aut
764 1036 874 1083 eorum
910 1018 1137 1083 traditionibus
1169 1016 1312 1083 instituti
1345 1032 1459 1081 mass

297 1124 424 1187 discum
467 1122 591 1186 uincere
634 1120 814 1185 uoluntates
856 1139 915 1186 nec
958 1120 1058 1185 ullam
1094 1137 1189 1185 mnae
1224 1118 1423 1185 metionis

296 1224 439 1309 regulam
483 1223 626 1307 legitima
662 1221 837 1288 eruditione
874 1224 1064 1308 suscipiant,
1099 1226 1155 1289 sed
1189 1224 1229 1289 ad
1264 1222 1422 1305 publicam

296 1330 514 1395 tantummodo
543 1326 575 1393 id
605 1332 652 1393 eet
681 1329 721 1393 ad
751 1325 915 1393 bominum
938 1328 1052 1393 facian
1071 1327 1289 1392 mnuntiaatee
1308 1322 1423 1391 autin

295 1433 360 1497 suis
390 1430 557 1497 domiciliis
586 1429 646 1495 suh
674 1427 843 1515 priuilegio
871 1429 966 1495 huius
994 1430 1131 1497 nominis
1154 1429 1257 1495 isdem
1278 1427 1422 1494 obstricti

296 1532 550 1618 occupationibus
593 1536 804 1617 perseueraat,
847 1536 904 1599 aut
940 1536 1156 1601 construentes
1190 1532 1255 1598 sibi
1290 1530 1458 1597 cellulaere

296 1654 408 1719 eosque
436 1636 624 1701 monasteria
652 1640 870 1720 nuncupantes
898 1654 954 1703 suo
982 1638 1051 1701 iure
1076 1637 1113 1701 iu
1140 1636 1187 1701 eis
1215 1653 1252 1701 ac
1272 1634 1422 1700 libertate

297 1740 481 1817 comietunt,
514 1756 710 1821 nequaquam
742 1739 933 1821 euangelicis
967 1740 1239 1822 praeceptionibus
1274 1737 1421 1803 subcum-

296 1842 416 1925 beuta,
445 1846 481 1907 ut
510 1842 598 1908 nulla
626 1842 748 1909 scilicet
776 1841 925 1908 cotidiani
954 1842 1059 1909 uictus
1079 1842 1302 1925 sollicitudine,
1323 1840 1422 1905 nullis

266 1946 343 2013 drei
364 1945 529 2011 ismilimis
550 1945 791 2010 distentionibus
812 1948 1015 2031 occupentur.
1051 1946 1135 2030 quod
1154 1947 1206 2013 illi
1226 1946 1289 2011 soli
1302 1946 1420 2029 absquo

296 2048 363 2117 olla
398 2046 517 2115 infideli
553 2047 749 2114 dubitatione
787 2051 1017 2133 consummant,
1060 2050 1117 2133 qui
1152 2050 1274 2115 cunctis
1308 2048 1455 2113 mundio

295 2153 389 2219 buius
425 2150 630 2217 facultatibus
666 2150 803 2219 absoluti
838 2152 887 2219 ita
917 2170 951 2217 se
983 2152 1202 2219 coenobiorum
1232 2150 1421 2235 praepositis

295 2256 509 2331 subdiderunt,
533 2260 568 2319 nt
589 2273 629 2319 ue
643 2257 691 2319 sui
706 2255 833 2337 quidem
853 2257 952 2339 ipsius
966 2254 1123 2322 subeuntur
1137 2275 1205 2343 cese
1218 2274 1253 2321 ee
1266 2256 1419 2320 dominos.

296 2358 345 2425 illi
373 2364 479 2424 autem
508 2358 562 2441 qui
594 2358 819 2423 districtionem
841 2359 878 2424 ut
900 2360 1035 2425 diximus
1063 2359 1205 2425 coenobii
1225 2358 1419 2424 declinantes

295 2460 363 2527 bini
391 2462 444 2527 uel
472 2462 554 2527 terni
584 2461 616 2525 in
639 2460 760 2525 cellulis
782 2464 1023 2542 commorentur,
1045 2481 1109 2527 non
1130 2462 1271 2527 contenti
1291 2458 1418 2525 abbatis

295 2570 483 2648 careatque
505 2563 635 2648 imperio
657 2564 834 2648 gubernari,
864 2565 918 2630 sed
940 2564 1000 2632 boc
1020 2562 1185 2650 praecipuo
1205 2567 1454 2651 procurantes»

297 2673 332 2734 ut
354 2669 489 2735 absoluti
510 2685 529 2733 a
550 2669 708 2734 seniorum
729 2671 803 2752 iugo
828 2669 988 2734 exercendi
1007 2670 1188 2735 uoluntates
1208 2687 1281 2734 suas
1296 2686 1334 2734 ac
1346 2685 1416 2751 pro·

295 2772 424 2838 cedendi
456 2772 507 2836 uel
539 2789 601 2854 quo
633 2772 787 2855 placuerit
818 2772 971 2856 euagandi
999 2773 1151 2856 agendiue
1180 2773 1264 2862 quod
1291 2771 1418 2838 libitum

295 2873 390 2941 fuerit
418 2874 554 2940 babeant
581 2875 772 2953 libertatem,
802 2875 896 2940 etism
919 2875 1056 2958 amplius
1077 2875 1112 2940 in
1133 2875 1277 2958 operibus
1298 2873 1417 2939 dunis

296 2997 390 3060 quam
412 2977 446 3042 bi
468 2979 522 3061 qui
550 2977 586 3042 in
614 2978 771 3046 coenobiis
798 2979 917 3062 degunt
948 2978 1058 3044 diebus
1079 2996 1118 3043 ac
1142 2978 1285 3044 noctibus
1305 2994 1417 3044 consu-

265 3071 433 3160 bruantur,
463 3083 518 3148 eed
546 3097 607 3146 non
633 3099 669 3146 ea
691 3079 751 3146 fide
773 3081 940 3163 eodemque
960 3081 1128 3164 proposito.
1163 3082 1223 3148 boc
1250 3085 1333 3146 enim
1360 3079 1452 3146 istirr

293 3175 416 3250 faciunt
450 3203 509 3250 non
547 3189 582 3250 ut
615 3183 755 3250 fructum
787 3184 838 3248 eoi
870 3183 973 3267 operis
1005 3185 1162 3250 subiciant
1195 3184 1417 3270 dispensatorie

293 3283 434 3368 arbitrio,
457 3289 512 3371 scd
532 3279 570 3353 ut
591 3275 758 3372 adquirant
777 3288 925 3381 pecuniae
939 3307 1017 3382 quas
1029 3283 1208 3354 recondant
1242 3289 1326 3353 inter
1334 3304 1417 3376 quos

294 3379 446 3474 duantum
460 3381 600 3457 ¹intersit
629 3381 793 3457 addemme
831 3391 880 3458 illi
909 3391 989 3456 nibil
1019 3391 1060 3456 de
1088 3392 1223 3457 crastino
1244 3393 1417 3474 cogitantes

399 3622 432 3677 12
451 3621 484 3677 ci.
503 3623 552 3676 tlt
571 3623 649 3689 (115

313 3893 316 3902 ,
346 3837 364 3892 3
384 3837 443 3892 ulla
459 3851 510 3907 cea
526 3837 558 3892 F
655 3839 862 3904 brubiciuntur
879 3837 930 3894 Kc
946 3841 1014 3905 (noe
1033 3837 1068 3904 0)
1170 3835 1288 3892 iuttlttti
1309 3835 1350 3890 11ι

293 3922 433 3980 animm
454 3923 539 3981 ΘΒΚ
551 3977 555 3990 ,
605 3925 639 3981 10
655 3925 735 3980 cellae
752 3927 781 3983 B
851 3926 882 3981 ll
900 3925 1063 3980 in‘eiriure
1083 3923 1159 3981 OKr
1231 3923 1265 3978 lt
1282 3920 1418 3976 camb.

287 4008 366 4078 ‚OKr
393 3999 529 4065 ‘smcumb
545 4009 585 4066 Ρ·
613 4011 747 4080 epccnmb.
764 4011 826 4078 roll.
920 4011 953 4067 13
969 4010 1066 4066 cottid.
1084 4010 1112 4065 B
1207 4009 1418 4076 simpertus

295 4093 326 4148 Id
427 4094 461 4149 16
477 4096 621 4176 ppopositir
639 4095 697 4164 BF
763 4155 768 4162 ,
799 4097 832 4152 17
848 4095 1028 4152 suddiderunt
1045 4095 1094 4158 Β,
1154 4088 1292 4164 ipsorum
1308 4089 1350 4146 1¹

286 4181 330 4246 ,18
347 4179 467 4248 denica
485 4181 523 4236 B¹
608 4181 644 4238 20
660 4181 792 4254 adque‘R
874 4181 910 4238 12
925 4182 1025 4252 agendi
1042 4180 1087 4258 upl
1102 4179 1171 4237 ΡΒ
1241 4179 1290 4234 14
1306 4177 1346 4232 nii
1361 4175 1419 4233 ΡΟ

295 4265 357 4322 ΒΚ
389 4325 395 4336 ‚
453 4265 488 4322 28
510 4267 620 4324 intersit
630 4305 722 4322 ......
722 4285 728 4292 ·
733 4269 793 4334 18
815 4269 963 4331 catholtcae
985 4267 1050 4324 ddci
1071 4266 1172 4322 duent
1192 4261 1419 4332 suosmet

295 4353 365 4420 sotio
381 4356 433 4409 166
449 4354 535 4410 restro
637 4354 671 4410 de
687 4356 805 4412 cmtiuo
824 4355 894 4410 nibil
911 4354 944 4411 K
