3009 5200
320 448 381 515 174
710 442 876 499 luhsuuis
893 444 1051 503 cussini

316 636 428 717 bilis,
457 641 497 703 et
524 634 627 701 eseli
654 652 729 701 neu
755 634 850 700 suut
875 634 1009 700 muudi
1036 635 1075 701 iu
1102 638 1316 720 eeusqeetu
1343 636 1449 701 eius.

285 740 417 807 3selum
445 756 579 823 numque
607 736 700 803 deum
726 736 948 804 iumutsbileur
970 736 1165 822 eeudtenur,
1186 756 1280 821 qum
1299 739 1450 805 hubin·

317 842 408 910 mede
431 841 533 909 sueti
554 840 641 907 illius
663 840 834 925 prophetes
856 842 905 907 ite
925 841 1082 927 eeupeltrt
1101 841 1219 908 entim
1240 845 1283 909 tu
1308 843 1450 908 sutem

316 946 422 1012 idem
447 945 531 1028 ipse
558 962 611 1023 es,
640 946 674 1009 et
694 943 764 1027 ipse
784 944 824 1009 de
844 960 895 1009 se:
917 960 987 1027 ege
1008 962 1108 1029 sum,
1134 942 1248 1027 iuquit.
1272 946 1382 1024 deus,
1405 948 1450 1010 et

317 1068 392 1117 reu
418 1050 565 1125 muter,
594 1046 675 1131 quod
697 1046 824 1113 seilieet
850 1046 917 1129 ipse
937 1046 981 1112 u't
1002 1047 1088 1113 seius
1112 1046 1300 1115 ntunditer
1321 1066 1453 1133 semper
1479 1072 1495 1107 s

318 1154 425 1233 bouus,
448 1170 572 1237 semper
592 1150 706 1235 plenus
727 1168 911 1233 semperque
931 1150 1098 1232 perdoctus,
1121 1152 1174 1216 eui
1195 1150 1276 1217 nihil
1289 1170 1346 1219 use
1360 1152 1452 1219 sdiei

317 1257 416 1343 pessit
448 1254 617 1340 utiqusude
650 1272 707 1320 usu
738 1254 850 1318 miuui.
886 1254 1017 1337 ideoque
1045 1252 1195 1320 debems
1221 1254 1263 1319 ed
1288 1256 1452 1322 uirtutum

317 1362 424 1427 studit
459 1359 626 1425 irremisse
658 1375 734 1423 eure
766 1374 804 1424 ee
829 1356 1042 1424 udisitudiue
1067 1358 1299 1442 nosmetipsos
1324 1376 1455 1443 semper

319 1464 486 1531 extendere
509 1463 647 1546 ipsisque
668 1479 725 1527 uus
747 1460 866 1545 iugiter
885 1461 1044 1527 exercitiis
1065 1478 1226 1547 eueupure,
1248 1480 1288 1527 ue
1302 1462 1455 1528 eussuute

318 1568 460 1651 prefectu
488 1566 652 1633 ueniestim
680 1564 854 1633 deminuu'e
881 1565 1097 1648 subsequatur.
1133 1566 1173 1632 ut
1193 1564 1278 1631 euim
1298 1566 1450 1647 diximus,
1465 1590 1498 1629 ιο

318 1673 350 1737 in
374 1688 436 1737 uuo
458 1688 545 1735 meus
567 1668 735 1752 eodemque
756 1667 843 1734 stetu
863 1678 991 1734 medere
1013 1686 1075 1734 ueu
1095 1669 1268 1752 prseuulet,
1290 1668 1387 1735 idest
1408 1674 1452 1733 ut

318 1794 374 1841 uee
395 1776 564 1858 sugrueuts
584 1772 742 1839 uirtutum
764 1772 869 1856 espiet
890 1789 947 1838 nee
971 1772 1161 1839 detrimeuts
1182 1771 1346 1839 sustinent.
1382 1783 1452 1838 utu

318 1876 490 1962 adquisisse
517 1878 600 1943 euim
627 1877 693 1943 eius
722 1876 873 1942 minuisse
901 1879 961 1955 st,
990 1876 1068 1960 quis
1091 1876 1237 1943 desiueus
1253 1876 1451 1961 profluendi

319 1982 477 2066 edpetitus
499 1999 561 2047 neu
583 1980 684 2047 aberit
703 1997 724 2046 e
743 1979 883 2065 periente
904 1979 1079 2046 medendi.

361 2098 430 2167 XV.
454 2100 589 2186 Ideoque
610 2101 694 2186 iugis
717 2101 813 2167 uelles
836 2101 1026 2167 tormentis
1040 2100 1224 2168 retentuuds
1238 2101 1295 2167 est.
1330 2100 1452 2166 totiens
1466 2118 1496 2159 ιε

318 2204 403 2271 enim
436 2206 531 2271 etiem
565 2223 709 2271 reuersus
741 2206 811 2288 quis
842 2204 932 2271 uelut
962 2221 1062 2271 nouus
1091 2204 1126 2269 iu
1158 2222 1195 2270 es
1227 2204 1259 2269 et
1291 2202 1451 2287 iusipiens

319 2308 475 2374 habitetur
497 2306 648 2376 titubabit
669 2309 763 2392 etque
785 2307 973 2387 turbabitur,
996 2306 1138 2392 quotiens
1159 2307 1200 2374 eb
1220 2306 1328 2374 eedem
1349 2304 1452 2371 fuerit

318 2414 479 2498 sumtus.
516 2412 607 2479 illum
635 2430 771 2497 numque
799 2432 893 2497 quum
922 2414 955 2478 in
983 2412 1063 2477 uelle
1089 2412 1228 2478 residens
1255 2410 1453 2493 sdquisierut

317 2514 414 2581 uuimi
442 2514 661 2593 intentionem,
689 2514 718 2581 si
746 2514 842 2581 fuerit
868 2514 1017 2595 redenis,
1046 2532 1230 2597 reeupersre
1251 2530 1361 2580 rursus
1383 2532 1453 2578 nou

318 2617 385 2685 siue
414 2617 518 2686 lebore
546 2619 661 2704 peterit
690 2637 727 2686 ue
747 2618 863 2699 dolere,
892 2621 925 2685 et
944 2637 1003 2702 per
1029 2619 1089 2685 hoe
1109 2619 1255 2687 reduetus
1277 2621 1361 2685 retro
1381 2637 1451 2685 neu
1463 2637 1495 2676 ιο

318 2721 356 2786 de
385 2721 498 2788 smisso
527 2719 678 2807 eogitsbit
705 2721 857 2805 prefectu,
886 2739 980 2805 quem
1006 2721 1223 2805 superstitem
1252 2721 1357 2807 potuit
1378 2725 1452 2789 sie

318 2824 399 2890 celle
421 2842 482 2890 uon
497 2823 607 2891 fuisset
629 2841 784 2907 exeamus,
806 2823 861 2890 ssd
883 2823 1034 2910 gaudebit
1046 2824 1162 2911 petius,
1177 2826 1206 2892 si
1220 2824 1311 2893 illum
1326 2829 1451 2894 stetum

319 2928 358 2993 de
384 2945 444 3011 que
477 2927 606 2994 reccidit
640 2932 739 2994 semet
771 2931 875 3011 ipsum
905 2930 1039 2995 senserit
1066 2930 1226 3012 reeepisse.
1264 2949 1338 2998 usur
1365 2931 1453 2996 sicut

319 3031 469 3096 emissum
492 3051 528 3097 ue
549 3032 753 3114 praeteritum
775 3033 900 3117 tempus
927 3031 1063 3098 ulterius
1085 3035 1228 3099 reueesri
1249 3051 1310 3100 neu
1331 3035 1451 3118 petest,

319 3133 366 3199 itu
387 3153 425 3199 ne
450 3133 509 3200 ills
530 3134 656 3218 quidem
677 3153 756 3218 quse
776 3134 936 3219 perierunt
966 3137 1100 3219 pessunt
1120 3138 1333 3204 emeiumeuts
1353 3138 1452 3203 resti-
1465 3157 1495 3198 ss

319 3238 378 3302 tui.
426 3238 657 3321 quantumlibet
693 3241 777 3304 euim
813 3241 884 3323 pust
928 3239 1006 3305 bees
1046 3239 1146 3306 enimi
1180 3239 1313 3307 intentio
1349 3239 1452 3306 fuerit

320 3344 452 3426 operum,
474 3341 623 3408 iustuutis
645 3340 706 3409 diei
720 3344 878 3427 proiectus
893 3348 926 3410 et
943 3343 1119 3428 praesentis
1133 3345 1281 3429 temperis
1296 3345 1450 3429 questus

320 3445 379 3524 est,
402 3463 463 3512 uou
485 3444 566 3511 lueri
587 3445 685 3512 semel
707 3445 822 3530 perditi
844 3449 1011 3532 repurutiu.

423 3663 502 3720 31³⁸.
520 3665 579 3731 101,
597 3667 631 3720 28
733 3665 751 3720 4
769 3665 883 3722 bdeleeb.
902 3669 928 3730 3,
946 3670 964 3723 6

372 3870 390 3925 3
408 3871 533 3941 conpellit
556 3872 581 3926 V
681 3871 811 3942 diuquid
833 3872 953 3928 VDWO
1056 3874 1074 3929 8
1096 3875 1169 3943 ipsus
1190 3875 1217 3928 V
1317 3875 1351 3931 10
1366 3873 1452 3930 dimi-

321 3956 398 4012 nutio
420 3955 570 4012 V’D2WX
672 3958 704 4012 11
728 3959 757 4012 iu
774 3973 825 4012 est
849 3957 889 4014 W
986 3957 1234 4015 ussaunein*
1337 3960 1371 4016 14
1387 3976 1454 4030 sps-

321 4043 390 4097 titur
411 4041 450 4097 W
556 4042 690 4099 residendi
706 4041 805 4099 D¹ox
909 4041 1044 4100 1511111
1064 4045 1104 4104 W
1204 4045 1342 4102 retiueuds
1360 4043 1388 4100 V

322 4128 355 4183 17
377 4128 519 4184 bsbitetur
540 4127 567 4183 V
668 4129 752 4199 sdque
774 4128 823 4186 VO
924 4129 956 4186 21
981 4129 1005 4185 si
1021 4147 1072 4186 ers.
1091 4131 1130 4185 D¹
1232 4131 1267 4188 23
1289 4132 1388 4188 residit
1409 4133 1455 4189 12¹

323 4213 378 4270 ΟΧ
406 4217 504 4271 resedit
520 4214 602 4272 ΒΨ
700 4216 823 4284 recipisse
845 4216 891 4272 W¹
993 4217 1028 4272 25
1045 4233 1080 4273 ue
1096 4219 1155 4289 ille]
1172 4218 1248 4274 nulls
1269 4217 1294 4275 V
1390 4237 1455 4290 pos-

322 4303 387 4354 euut
413 4317 462 4356 orn.
489 4301 528 4357 W
629 4300 811 4358 emulumsnts
836 4301 864 4356 V
958 4301 994 4358 27
1019 4304 1167 4360 iustuutiue
1189 4304 1216 4359 V
1315 4305 1350 4362 bt
1375 4321 1455 4360 reeu-

323 4387 424 4454 peretio
445 4387 489 4443 Vc
