3009 5200
246 402 311 468 604
639 399 802 455 Iohannis
820 400 977 455 Cassiani

246 608 338 655 omne
360 589 583 655 monachorum
603 606 701 671 genus
722 589 853 671 antiqua
869 588 1014 653 inimicae
1028 588 1132 672 gentis
1149 588 1371 655 consuetudine

247 692 442 757 testabantur
474 698 507 757 et
537 692 578 756 ad
611 692 896 775 transmigrandum
929 692 967 757 de
999 694 1065 757 suls
1103 692 1229 759 sedibus
1269 694 1371 759 acrius

246 798 438 879 perurgueri,
460 796 599 878 eoquod
620 798 791 861 secundum
813 797 902 861 illam
924 797 1175 873 similitudinem,
1204 814 1267 878 qua
1295 800 1373 861 tuno

246 900 396 983 Aegyptii
410 900 493 965 filios
507 898 626 963 Israhel
642 899 789 964 uiolentis
804 898 1033 965 addictionibus
1048 899 1273 982 opprimebant,
1289 916 1374 964 nunc

247 1020 369 1084 quoque
390 1021 498 1065 uerum
513 1000 642 1077 Israhel,
657 1001 690 1065 id
705 1003 754 1064 est
768 1001 990 1067 monachorum
1005 1001 1126 1084 plebem
1142 1001 1373 1067 intellectuales
1398 1024 1413 1063 s

246 1104 399 1190 Aegyptii
428 1104 513 1169 duris
541 1122 577 1167 ac
604 1104 772 1169 lutulentis
800 1104 945 1187 operibus
967 1106 1130 1169 iucuruere
1152 1106 1311 1181 conentur,
1333 1123 1374 1169 ne

247 1226 304 1290 per
332 1208 468 1273 amicam
495 1209 552 1271 deo
579 1206 716 1288 quietem
749 1208 868 1271 terram
900 1206 1089 1291 Aegyptiam
1122 1208 1299 1273 deserentes
1333 1208 1375 1271 ad

247 1310 408 1375 heremum
441 1310 597 1375 uirtutum
629 1310 795 1376 salubriter
828 1314 1033 1385 transeamus,
1068 1312 1114 1375 ilc
1142 1316 1175 1375 ut
1207 1314 1375 1377 aduersum

216 1415 303 1481 4nos
329 1414 454 1479 Pharao
480 1412 650 1479 infremens
678 1413 781 1479 dicat:
811 1416 931 1479 otiosi
959 1420 1068 1495 sunt,
1097 1418 1135 1479 et
1162 1416 1246 1479 ideo
1268 1414 1375 1479 uoci·

246 1516 430 1581 ferantur
461 1517 656 1582 dicentes:
687 1534 817 1583 eamne
847 1518 886 1581 et
915 1519 1196 1584 sacrificemus
1218 1517 1413 1583 dominoic

248 1621 316 1684 deo
350 1624 498 1686 nostro.
550 1622 832 1703 opprimantur
868 1620 1089 1699 laboribus,
1124 1622 1162 1685 et
1195 1619 1375 1685 solliciti

247 1723 331 1787 sint
352 1718 391 1787 ih
414 1723 607 1806 operibus
629 1723 729 1799 suis,
753 1726 880 1788 otnon
896 1723 1225 1790 sintaollicitiin
1241 1724 1375 1789 uerbis

247 1825 372 1890 uanis.
406 1844 479 1891 nam
494 1828 603 1909 utique
617 1826 741 1891 ueniter
757 1845 864 1893 eorum
879 1832 1025 1893 sanetum
1040 1826 1159 1891 domiui
1174 1825 1373 1904 sacrificium,

248 1928 329 2010 quod
343 1947 403 1994 uon
420 1930 480 1994 nisi
495 1930 526 1994 in
542 1931 665 1995 heremo
685 1928 779 1995 liberi
794 1928 893 1994 cordis
909 1928 1045 2008 offertur,
1069 1946 1224 1993 summam
1239 1928 1376 1993 adstruit

246 2032 437 2097 uanitatem:
460 2032 701 2098 abominatio
724 2034 809 2098 euim
834 2034 1035 2115 peccatori
1057 2032 1218 2116 religio.
1384 2058 1411 2099 ιε

288 2151 456 2217 XXVIIII.
488 2154 558 2219 Hae
585 2154 685 2237 igitur
711 2154 998 2237 Quadrageusimac
1027 2154 1096 2235 loge
1126 2154 1179 2234 qui
1206 2153 1309 2216 iustus
1335 2168 1374 2216 ac

245 2254 403 2337 perfectus
424 2260 474 2321 est
494 2274 557 2321 non
579 2260 706 2322 tenetur
726 2276 783 2321 nec
805 2258 909 2341 exigui
926 2257 1020 2321 huius
1035 2256 1161 2321 canonis
1177 2253 1374 2319 subiectione

247 2360 412 2423 contentus
434 2362 493 2438 ost,
516 2377 608 2441 quem
629 2358 764 2441 prolecto
786 2360 860 2438 illie,
884 2359 937 2443 qui
951 2379 1007 2443 per
1028 2361 1130 2423 totum
1145 2357 1221 2423 anui
1235 2356 1373 2439 spatium

246 2459 366 2526 deliciis
402 2462 455 2526 uel
489 2463 626 2545 negotiis
669 2462 880 2528 saecularibus
925 2461 1124 2545 ianIcentur,
1170 2460 1373 2525 ecclesiarum

245 2565 401 2648 principes
422 2565 611 2644 statuerunt,
634 2565 672 2630 ut
693 2565 743 2631 uel
769 2566 826 2631 hoc
841 2564 936 2650 legali
949 2565 1174 2648 quodammodo
1189 2564 1409 2632 necessitatene

247 2669 409 2733 constricti
446 2668 496 2734 his
528 2669 637 2734 saltim
670 2669 779 2735 diebus
812 2687 922 2734 uacare
960 2669 1084 2734 domino
1124 2671 1306 2752 cogerentur
1335 2684 1373 2732 ac

246 2772 368 2836 dierum
390 2771 475 2836 uitae
497 2789 581 2850 suae,
603 2789 679 2854 quos
702 2776 785 2837 totos
807 2771 898 2854 qussi
925 2772 1047 2838 fructus
1072 2770 1223 2854 quosdam
1246 2769 1374 2834 fuerant

216 2873 399 2950 tuereturi,
421 2873 474 2938 uel
495 2874 633 2938 decimas
648 2874 773 2940 domino
789 2873 979 2940 dedicarent.
1002 2875 1140 2940 ceterum
1155 2873 1241 2956 iusti,
1258 2873 1371 2954 quihus

246 2976 305 3040 lex
327 2977 397 3040 uon
421 2978 483 3040 est
503 2977 636 3059 posita
657 2977 772 3060 quique
799 2977 995 3061 spiritalibus
1019 2977 1130 3043 officiis
1151 2994 1214 3041 non
1228 2975 1372 3060 exiguam

246 3079 337 3144 illam
365 3079 398 3144 id
426 3083 474 3145 est
504 3080 657 3146 decimam
678 3081 811 3164 partem,
843 3082 897 3148 sed
919 3083 1022 3147 totum
1045 3080 1129 3148 uitae
1150 3098 1223 3146 suae
1245 3079 1407 3160 tempests

246 3183 429 3268 inpendunt,
457 3184 531 3267 quia
552 3184 642 3250 liberi
664 3187 778 3251 sunta
806 3185 994 3252 decimarum
1020 3181 1171 3268 legalium
1198 3182 1372 3260 functione,

347 3423 365 3478 e
382 3423 427 3477 nc
440 3423 465 3488 5,
477 3424 546 3479 e-e
559 3422 653 3490 (cxx)
725 3425 758 3478 15
775 3423 825 3478 se.
841 3425 864 3488 1,
876 3424 912 3478 24
923 3423 1018 3492 (ixx)
1087 3423 1122 3478 ee
1139 3383 1234 3478 rnen.
1249 3419 1302 3482 1‚e

297 3642 440 3698 liuimici
461 3648 557 3714 gentes
580 3645 622 3698 Κι
741 3645 874 3714 aegrius
899 3643 964 3700 OK¹
1081 3643 1255 3711 3perurgeri
1279 3641 1306 3694 Z

245 3729 462 3784 consuetudinem
489 3730 555 3799 Οβυ
657 3729 783 3798 luerit
885 3729 1018 3783 uiolenter
1042 3729 1079 3780 K¹
1183 3726 1373 3796 oppremebaut

244 3815 286 3870 11¹
372 3815 491 3872 bueruhl
507 3817 538 3871 F
561 3817 662 3872 lrth
687 3816 756 3870 hisrl
773 3815 815 3870 13¹
843 3817 891 3870 iurl
909 3817 968 3870 rell.
1057 3813 1242 3870 tlutulentes
1261 3812 1293 3866 K
1295 3815 1301 3841 ¹

245 3900 372 3956 ornabo
395 3901 459 3958 OK¹
488 3902 563 3957 lano
579 3902 650 3956 K’Z
750 3902 849 3956 idcirco
872 3902 939 3973 Ode
957 3907 984 3956 et
1004 3902 1123 3970 Vulpctc
1224 3899 1257 3952 11
1279 3913 1371 3967 oppre·

244 3989 353 4042 mantur
369 3987 412 4043 Κ*
511 3988 544 4042 13
561 4002 653 4042 eorum
671 3989 703 4056 (i.
714 4003 738 4042 e.
756 3987 983 4042 Intellectualium
1001 3986 1209 4056 Aegyptiorum)
1227 3983 1295 4038 BF:
1322 3984 1372 4036 im-

244 4073 350 4142 piorum
378 4074 444 4144 Ode
477 4135 482 4140 .
547 4075 580 4129 14
606 4089 663 4128 essa
689 4073 806 4130 adstruit
836 4075 903 4145 Οβυ
1006 4075 1039 4128 15
1066 4072 1249 4128 abhomInatio
1275 4071 1306 4124 F

245 4161 317 4212 enim
339 4160 380 4214 B:
412 4159 483 4214 euim
507 4163 549 4213 est
571 4160 628 4214 rell.
731 4161 833 4229 relegio
857 4160 895 4214 13¹
1001 4160 1033 4213 16
1056 4159 1090 4214 ad
1116 4158 1150 4214 0¹
1186 4156 1271 4224 adque
1296 4154 1372 4211 0¹3¹

245 4247 326 4313 etque
343 4245 432 4300 K¹2v
535 4246 569 4299 18
585 4263 685 4302 sunum
701 4246 741 4300 F¹
841 4246 873 4301 1e
891 4245 1026 4314 delitiiap
1122 4243 1241 4312 negotiis
1260 4241 1301 4296 ΚΙ

244 4331 278 4385 21
296 4331 392 4386 saltem
411 4331 481 4386 ΒΨ
573 4347 672 4401 uapore
688 4332 725 4386 F'
825 4332 859 4386 22
875 4335 951 4388 totus
969 4332 1010 4386 K¹
1108 4330 1208 4384 lructoa
1225 4327 1303 4384 ΒΨ
