3009 5200
265 407 328 473 348
656 405 820 460 Iohannis
837 405 996 462 Cassiani

265 595 369 677 potius
403 594 468 660 uim
503 597 631 660 naturae
658 596 690 658 ιι
718 595 898 676 extorquere
930 597 969 661 ab
996 613 1034 660 ea
1061 596 1265 678 pollutionem
1292 618 1390 682 quam

265 699 334 780 ipsa
357 715 416 762 nen
438 697 561 779 ingerit,
585 697 857 778 intemperantiam
880 715 970 761 suam
986 699 1026 762 ad
1042 701 1257 766 nenessitatem
1272 702 1388 786 earnis,

266 803 361 865 immo
382 804 421 867 ιι
443 802 508 864 sine
531 799 671 864 referunt
686 802 866 882 creatorem,
901 801 1041 882 propriae
1064 801 1170 885 eulpae
1196 806 1390 870 admoturos

236 903 428 968 3infamiam
462 902 693 968 transferentes.
739 904 776 966 de
808 903 962 984 quibus'
952 923 986 968 ιιι
1018 905 1196 970 Prouerbiis
1229 908 1391 990 eleganter

266 1006 464 1088 exprimitur.
502 1004 706 1086 insipient
712 1006 749 1070 ia
785 1006 868 1069 uiri
904 1007 1125 1089 corrumpit
1161 1010 1246 1074 uias
1279 1029 1388 1092 suas,
1414 1033 1431 1071 ι

266 1109 377 1173 deum
411 1091 554 1174 autern
575 1111 762 1173 causatur
797 1108 916 1172 eorde
949 1127 1028 1174 suo
1065 1114 1222 1192 postremo
1254 1111 1283 1176 si
1316 1115 1389 1197 quis

266 1211 337 1276 huie
359 1212 527 1278 adsertioni
550 1212 674 1276 nostrae
697 1209 791 1275 fidem
813 1209 961 1295 derogare
984 1213 1128 1287 uoluerit,
1145 1232 1257 1296 quaeso
1274 1217 1391 1280 utnon

267 1315 338 1379 ante
353 1314 566 1397 praeiudieate
581 1314 742 1379 nobiseum
759 1314 900 1395 opinione
918 1315 1078 1397 diseeptet,
1094 1334 1190 1399 quam
1205 1317 1391 1400 disoipliuae

266 1416 357 1482 huius
379 1416 530 1500 suscipiat
551 1417 709 1496 instituta,
727 1435 860 1500 eumque
882 1418 958 1483 haee
975 1419 1137 1502 perpauoie
1155 1420 1315 1485 mensibus
1331 1421 1392 1486 illa

265 1539 326 1604 qua
347 1521 483 1587 traditur
504 1519 714 1586 moderatione
736 1522 916 1598 seruauerit
947 1521 1086 1604 proieoto
1108 1521 1185 1588 haee
1206 1541 1286 1606 qnae
1306 1525 1432 1590 dixi-ro

266 1643 335 1690 mus
363 1641 437 1689 uero
464 1624 579 1706 poterit
603 1623 733 1707 prebere
761 1623 885 1690 iudicio.
923 1628 1060 1690 osterum
1083 1623 1202 1691 frustra
1222 1627 1260 1692 de
1282 1631 1390 1693 ouius·

265 1725 343 1792 libet
375 1726 453 1792 artis
482 1745 519 1792 eo
548 1726 732 1809 dieoiplinae
760 1727 820 1792 fine
850 1728 1025 1807 contendet,
1055 1730 1187 1812 quisque
1214 1748 1276 1796 non
1301 1730 1391 1812 prius

266 1830 371 1894 omnio
393 1847 470 1911 quae
493 1831 532 1894 ιι
554 1829 853 1896 ιιιιιιιιιιιιιιιιιιιιι
877 1830 944 1896 eius
964 1831 1124 1913 pertinent
1146 1850 1269 1898 summo
1292 1833 1392 1897 luerit

236 1932 370 1998 deludio
394 1951 430 1999 ao
452 1932 571 2000 uirtute
592 1935 740 2000 sectatus.
775 1935 905 2001 uelut
879 1954 907 2000 ιι
923 1934 1013 2000 uerbi
1030 1937 1135 2020 gratia
1149 1935 1391 2002 similitudinem
1497 1923 1500 1930 ’

266 2035 367 2102 mellis
400 2055 435 2102 ex
468 2038 581 2116 tritine,
616 2039 670 2103 aut
703 2056 829 2103 rursum
858 2058 894 2103 ex
921 2056 968 2117 ee
996 2039 1079 2105 siout
1107 2041 1200 2104 etiam
1229 2058 1267 2104 ex
1287 2039 1391 2104 rafam
1399 2061 1432 2102 ιι

266 2138 383 2222 linique
405 2141 586 2217 seminibus,
610 2141 765 2207 lenissimi
788 2141 849 2208 olei
874 2142 1027 2223 liquorem
1048 2142 1178 2225 produci
1201 2158 1291 2224 posse
1313 2159 1391 2206 oon·

266 2242 397 2321 firmem,
421 2246 447 2310 si
470 2244 539 2326 quis
562 2245 673 2310 horum
696 2246 820 2328 penitae
847 2246 977 2330 ignarus
1000 2246 1143 2324 adsistat
1166 2263 1267 2310 nonne
1282 2245 1391 2311 ιιιιιιι

266 2365 370 2412 rerum
407 2351 551 2412 naturam
588 2347 645 2413 hoe
683 2366 747 2414 esse
777 2348 973 2415 oonolamaus
1002 2367 1051 2413 me
1078 2351 1166 2414 uelut
1199 2348 1391 2431 apertissimi

266 2449 424 2514 duetorem
447 2450 600 2515 mendacii
623 2449 798 2517 deridebit?
819 2451 869 2516 oui
892 2453 918 2515 si
941 2469 997 2536 ego
1019 2452 1115 2517 testes
1135 2450 1315 2517 innumeros
1332 2453 1390 2535 qni

267 2550 341 2618 haee
368 2570 400 2617 ss
428 2555 460 2618 et
490 2553 605 2621 uidisse
628 2553 661 2619 et
682 2557 825 2637 gustasse
848 2555 881 2621 et
899 2553 1012 2621 lesisse
1041 2556 1195 2621 testentur
1215 2553 1433 2631 unllam„

266 2655 417 2721 rationem
446 2655 574 2738 insuper
601 2658 694 2739 atque
716 2658 855 2723 ordinem
884 2676 945 2740 quo
966 2658 1040 2723 illae
1061 2658 1177 2740 speeies
1197 2658 1251 2722 uel
1272 2658 1306 2723 iu
1327 2658 1392 2723 olei

265 2755 486 2839 pinguedinem
507 2760 558 2824 uel
581 2759 739 2825 inmollis
766 2762 962 2826 duloedlnem
990 2762 1252 2825 nanslormentur
1271 2760 1390 2826 edisse-

266 2876 342 2939 rem,
366 2860 420 2925 ille
441 2866 546 2927 autem
567 2862 601 2926 in
627 2863 834 2929 stultissimae
856 2863 1065 2955 persuasionis
1088 2862 1295 2929 obstinatione
1316 2882 1391 2945 per·

266 2961 378 3027 sistens
407 2964 501 3045 neget
529 2966 568 3030 ab
591 2964 656 3031 illis
679 2966 851 3031 seminibus
877 2966 1044 3049 quiequam
1065 2965 1118 3031 uel
1141 2965 1313 3032 dulcedinis
1336 2967 1391 3032 uel

266 3064 414 3147 unguinis
436 3082 524 3147 posse
539 3067 685 3148 produei:
709 3086 810 3133 nenne
824 3069 925 3153 magis
940 3071 1079 3134 notanda
1093 3069 1143 3133 est
1157 3068 1389 3134 inrationabilis
1398 3089 1431 3131 ss

265 3166 332 3231 eius
361 3168 567 3251 peruioarque
596 3170 753 3235 eontentio
783 3188 877 3253 quam
907 3173 1058 3237 sermonis
1084 3171 1147 3237 mei
1168 3172 1287 3236 ueritas
1309 3169 1391 3235 inri-

265 3270 375 3347 denda,
405 3289 484 3354 quae
513 3273 684 3339 multorum
715 3292 750 3339 ao
779 3273 917 3341 fidelium
939 3276 1067 3339 testium
1088 3261 1246 3358 grauitate
1268 3273 1301 3339 st
1320 3272 1390 3337 eni·

266 3374 410 3439 dentibus
443 3376 638 3443 dooumentis
671 3380 704 3442 et
736 3377 819 3460 quod
851 3378 901 3443 hle
934 3377 1071 3461 amplius
1103 3380 1153 3443 est
1182 3377 1390 3459 experientiae

367 3562 383 3615 ι
401 3560 479 3614 mov.
500 3562 541 3625 ιι,
559 3562 577 3615 ι
594 3561 688 3629 (ιιι)

316 3730 333 3784 2
357 3732 515 3786 necessitate
538 3732 566 3783 Σ
666 3730 683 3785 4
706 3732 839 3801 eliganter
862 3732 892 3784 ll
990 3731 1008 3786 5
1030 3747 1092 3785 suas
1109 3748 1159 3788 orn.
1179 3730 1227 3787 lle
1329 3730 1390 3785 eins

266 3816 313 3870 Or
412 3818 429 3871 6
453 3816 538 3887 eorde]
562 3817 594 3871 de
617 3820 643 3871 P
669 3816 697 3871 iu
720 3816 796 3873 eorde
820 3818 866 3872 Oe
967 3817 1123 3887 8deoeptet
1139 3820 1169 3870 Π
1269 3816 1392 3872 ilsusoi·

265 3902 322 3971 piet
339 3904 376 3954 1³¹
472 3902 505 3957 10
521 3903 638 3973 prefecto
656 3902 695 3955 Πι
794 3904 827 3959 12
843 3904 983 3959 oontendit
999 3905 1122 3975 quisquis
1139 3906 1165 3957 ι’
1257 3904 1290 3958 14
1306 3902 1393 3959 uelud

265 3990 291 4039 ι’
384 3990 416 4045 15
432 3988 514 4043 etiarn
531 4004 581 4044 om.
599 3992 625 4042 ι’
707 3990 822 4059 raphani
838 3992 864 4043 Y
957 3991 990 4045 18
1006 3991 1087 4045 uelud
1103 3992 1130 4043 Τ
1220 3989 1392 4059 apertissime

264 4073 323 4125 llo*
415 4075 447 4129 19
465 4074 524 4145 ego]
542 4091 603 4144 ergo
621 4080 649 4129 Σ
731 4077 795 4146 quia
812 4075 883 4130 11¹0
974 4077 1009 4131 20
1024 4077 1124 4131 ieoesse
1140 4077 1180 4128 11¹
1270 4074 1301 4130 21
1322 4092 1393 4146 qnos

264 4160 312 4214 ille
329 4160 429 4229 speeies
447 4162 522 4215 uelut
539 4162 567 4215 in
585 4162 615 4213 Π
712 4161 747 4216 22
763 4162 884 4232 pingnid.
904 4162 984 4215 mr*
1085 4162 1121 4217 23
1143 4163 1173 4215 in
1190 4178 1241 4217 om.
1259 4160 1288 4214 Σ
1294 4162 1320 4215 0

264 4246 424 4303 stultissime
450 4250 478 4300 Σ
513 4248 674 4303 stultissima
699 4249 868 4318 persuasione
894 4254 922 4303 et
948 4251 980 4302 1i>
1091 4250 1127 4303 al
1154 4240 1252 4304 duloid.=
1279 4248 1318 4300 Π·

264 4332 299 4387 26
317 4333 477 4402 unguedinis
499 4334 549 4388 ΥΟ
651 4334 820 4390 rationabilis
839 4336 869 4388 ll
