3009 5200
527 404 686 459 Conlatio
710 405 798 459 XVII.

605 1136 719 1220 XVII.

128 1358 398 1457 sorensis
430 1358 666 1455 ABBATIS
697 1357 895 1455 rosiris
928 1360 1194 1459 SECVNDA.
1258 1458 1260 1467 ,

447 1582 509 1647 ss
545 1581 873 1648 nusrnrsnse

537 1814 783 1906 surrrvui.

74 2015 88 2055 e
247 1998 274 2063 L
296 1997 343 2061 De
363 1994 483 2079 uigiliis
506 2014 583 2079 quas
605 1996 800 2079 pertulimus.

231 2101 273 2167 Π.
296 2102 342 2167 De
378 2097 501 2163 abbatis
539 2097 689 2165 Germsni
725 2100 881 2167 anxietate
918 2120 1010 2184 super
1046 2105 1220 2185 sponsionis

293 2203 416 2269 nestrae
437 2202 658 2268 recordatione.

210 2306 271 2373 III.
295 2304 376 2385 Quid
398 2303 476 2369 mihi
499 2302 538 2370 ad
562 2304 620 2371 hoo
641 2306 746 2371 nisum
769 2307 819 2371 sit.

194 2411 272 2475 IIII.
295 2407 502 2488 Interrogabis
543 2406 667 2473 abbatis
704 2408 815 2490 Ioseph
851 2413 1015 2491 nostraque
1052 2413 1219 2496 responsio,

58 2536 85 2574 ns
293 2511 375 2577 undo
397 2511 535 2577 anxietas
561 2510 747 2577 emersisset.

232 2618 272 2683 V.
293 2616 451 2698 Expositis
483 2615 605 2682 abbatis
638 2613 796 2694 Germani,
832 2633 886 2682 osr
920 2617 971 2680 uel
1005 2617 1037 2682 in
1073 2619 1218 2703 Aegypte

293 2719 429 2786 residere
450 2718 616 2783 mallemus
639 2718 690 2783 uel
711 2718 939 2784 retraheremur
960 2721 1000 2784 ad
1023 2720 1155 2804 Syriam.

215 2822 270 2887 VI.
293 2820 501 2904 interrogatio
533 2821 655 2886 abbatis
685 2822 806 2905 Ioseph,
837 2839 877 2888 an
899 2822 932 2886 in
955 2823 1097 2906 Aegypto
1119 2828 1219 2892 maior

292 2924 447 3008 proiectus
469 2923 560 2988 nobis
583 2942 677 3006 quam
698 2925 733 2990 iu
755 2924 845 3008 Syria
867 2925 1067 2992 eonferrstsr.
1313 2925 1314 2929 ’

57 3055 84 3096 n
199 3028 270 3096 VII.
293 3028 458 3111 Responsio
494 3030 532 3092 ‹ie
569 3027 746 3093 differentia
786 3028 1021 3094 institutionum
1058 3033 1220 3114 utriusque

292 3129 480 3214 prouinsiae.

180 3234 270 3300 VIII.
293 3232 382 3312 Quod
403 3234 537 3315 perfeoti
560 3234 622 3298 siri
645 3233 724 3299 nihil
749 3234 891 3300 absolute
919 3234 1053 3302 debeant
1083 3237 1218 3316 definire,

292 3337 344 3402 usl
371 3338 478 3402 utrum
506 3339 571 3402 siue
597 3340 724 3420 pesoats
745 3340 865 3421 possint
889 3338 1014 3406 definito
1037 3341 1218 3406 rescindere.

164 3438 269 3505 VIIII.
294 3437 381 3517 Quod
403 3441 584 3523 plerumque
606 3440 717 3506 utilius
739 3441 783 3506 sit
798 3443 916 3506 statuta
931 3442 1109 3526 inrumpere
1125 3462 1219 3526 quam

58 3565 87 3605 ss
291 3541 418 3625 inplere.

146 3831 164 3884 6
189 3829 287 3884 abbste
312 3829 352 3880 Πι
460 3829 475 3882 ‘i
502 3830 712 3885 reeordationsm
740 3831 780 3882 11¹
889 3831 922 3886 10
949 3837 1101 3888 emanasset
1128 3835 1152 3885 Τ·

96 3925 128 3978 11
152 3923 299 3993 Responsio
321 3925 347 3976 i‘
446 3940 515 3994 quur
537 3927 562 3979 0
665 3927 720 3997 uel]
744 3931 773 3981 st
796 3930 821 3979 Τ
920 3927 953 3981 12
975 3927 1093 3982 resedere
1110 3927 1149 3979 Π1

94 4018 257 4072 retrahimur
282 4019 311 4069 Σ
344 4017 510 4074 remuhsmsr
536 4019 567 4072 Π
680 4020 716 4076 ad
742 4021 846 4091 Syriam
872 4037 922 4076 om.
949 4023 974 4074 P
1086 4024 1118 4078 13
1145 4023 1217 4092 issep

95 4139 121 4192 1·
210 4140 310 4212 ium
328 4142 353 4192 Τ
449 4142 482 4196 14
498 4142 563 4196 siria
580 4143 639 4196 110
736 4114 900 4198 eonfortetur
917 4143 948 4194 Π
974 4141 1108 4196 raderetur
1126 4145 1151 4196 Τ

96 4234 130 4288 16
146 4234 298 4305 prouintiae
315 4234 375 4288 Hs
476 4235 507 4289 17
531 4235 647 4290 definere
664 4236 694 4287 Π
795 4237 828 4290 18
846 4236 924 4290 finita
941 4236 1107 4292 ressindsudi
1126 4240 1152 4290 Y

97 4329 130 4384 19
147 4345 270 4399 rumpere
287 4331 313 4382 P
412 4330 446 4384 20
465 4331 576 4400 implero
593 4331 659 4383 ΣΠ
