3009 5200
257 433 298 497 16
640 429 807 484 lobannis
830 427 989 482 Cassiani

254 618 355 703 portio
389 619 488 701 possit
520 617 632 681 auferri
668 619 736 697 (uec
770 620 855 684 cuim
881 618 1093 683 ministerium
1120 618 1279 700 corporale
1305 637 1376 684 oum

253 721 379 787 homine
407 720 523 804 poterit
552 719 668 800 iugiter
689 725 897 803 permanere),
924 723 1011 786 illins
1032 741 1107 786 uero
1128 721 1269 786 studium
1289 723 1377 788 nullo

253 843 378 907 prorsus
399 842 476 889 aeuo
497 827 586 890 docet
607 841 696 907 posse
717 823 812 888 finiri.

296 944 401 1010 Vllll
430 945 481 1010 Ad
509 945 590 1026 quod
621 963 676 1010 nos
706 946 799 1010 ualde
820 945 970 1028 permoti:
998 943 1081 1023 Quid
1103 946 1198 1029 ergo?
1226 945 1376 1011 diximust

252 1047 342 1113 labor
377 1047 574 1128 ieiuniorum,
620 1048 762 1114 lectionis
797 1051 959 1134 instantia,
1003 1068 1097 1132 opera
1134 1050 1375 1133 misericordiae,
1398 1077 1418 1117 s

253 1151 399 1230 iustitiae,
433 1149 559 1233 pietatis
587 1156 619 1215 et
646 1150 854 1217 humanitatis
889 1153 1112 1216 auferentura
1137 1151 1227 1217 uobis
1255 1155 1288 1217 et
1315 1173 1375 1218 nou

252 1252 474 1335 permanebunt
489 1271 560 1318 oum
575 1253 757 1318 auctoribus
770 1256 846 1331 suis,
867 1255 1049 1337 praesertim
1064 1257 1217 1337 cumipse
1231 1256 1375 1322 dominus

252 1357 484 1422 retributionem
508 1357 597 1439 regui
619 1357 776 1422 caelorum
796 1357 846 1421 liis
868 1358 1016 1440 operibus
1037 1359 1237 1440 repromittat
1251 1361 1374 1425 dicens:

250 1461 389 1524 uenite
422 1459 631 1526 benedicti
664 1461 790 1544 patris
823 1465 915 1542 moi,
951 1461 1162 1545 possidete
1193 1465 1374 1544 paratum

251 1563 363 1630 uobis
384 1581 543 1646 regnum
566 1583 585 1628 a
607 1565 898 1629 constitutione
918 1564 1062 1630 muudi.
1099 1565 1253 1630 esuriui
1273 1565 1415 1632 euimro

250 1668 289 1734 ot
311 1666 599 1733 dedistismihi
623 1669 877 1746 manducare,
900 1668 1254 1733 sitiuietdedistis
1275 1668 1374 1733 mihi

250 1769 403 1848 bibere,
434 1776 466 1835 et
493 1773 619 1836 cetera?
646 1773 799 1853 quomodo
825 1789 898 1855 ergo
921 1771 1102 1837 auferentur
1123 1773 1201 1836 haec
1221 1790 1301 1855 quae
1323 1772 1374 1837 in·

249 1873 419 1938 troducuut
440 1873 573 1938 factores
594 1892 665 1938 suos
687 1876 720 1938 iu
741 1892 873 1956 rognum
897 1875 1087 1939 caelorum?¹

292 1995 331 2060 K
354 2011 499 2060 uorsus:
522 1994 588 2060 Nee
610 2014 666 2078 ego
688 1993 753 2060 dixi
777 1996 951 2060 mercedem
965 1997 1038 2060 boui
1052 1999 1154 2077 operis
1168 1995 1372 2062 auferendam

249 2097 369 2162 dicente
392 2100 497 2163 eodem
520 2097 659 2164 domiuo:
682 2099 749 2181 qui
775 2105 909 2180 potum
930 2099 1087 2163 dederit
1108 2099 1174 2163 uui
1195 2117 1238 2164 en
1259 2101 1412 2169 mini-rs

249 2203 321 2266 mis
343 2201 438 2266 istis
460 2201 620 2266 calicem
643 2219 767 2284 aquae
789 2203 962 2286 trigidae
984 2205 1141 2266 tantum
1164 2202 1373 2266 innomine

250 2304 455 2385 discipuli,
486 2323 595 2369 amen
623 2305 711 2371 dico
736 2307 863 2384 uobis,
892 2324 967 2370 nou
988 2306 1129 2389 perdet
1149 2305 1370 2370 mercedem

248 2425 368 2484 uuam,
390 2408 446 2472 sed
468 2407 621 2471 actionem
643 2408 722 2482 dico,
749 2425 845 2490 quam
867 2408 917 2473 uel
940 2407 1107 2472 ueceoeitas
1128 2407 1296 2489 corporalis
1318 2407 1371 2473 uel

247 2509 429 2594 inpugnatio
457 2511 558 2574 caruis
586 2529 640 2574 seu
668 2511 776 2576 muudi
804 2511 898 2576 huius
927 2510 1134 2592 inaequalitas
1155 2509 1370 2575 administrari

248 2615 353 2696 exigit,
387 2614 594 2679 auferendam.
632 2634 705 2680 uam
738 2616 881 2680 lectionis
913 2616 1065 2680 instantia
1097 2615 1149 2680 uel
1180 2614 1411 2683 ieiuniorumso

247 2716 381 2783 addictio
409 2718 448 2781 ad
477 2719 727 2783 emundationem
755 2720 856 2784 cordis
884 2724 917 2783 et
943 2719 1179 2801 castigationem
1206 2718 1306 2783 carnis
1336 2720 1368 2782 in

246 2824 401 2905 praesenti
434 2822 649 2887 tantummodo
680 2823 802 2887 utiliter
833 2827 1023 2905 exercentur,
1051 2825 1148 2887 donec
1175 2838 1261 2884 caro
1283 2838 1369 2884 cou-

247 2926 419 3006 cupiscit
442 2927 627 2989 aduersus
648 2926 848 3008 spiritum.
885 2944 965 3007 quae
989 2943 1224 3007 nonnumquam
1245 2922 1284 2987 ab
1307 2922 1368 2997 his,

246 3026 301 3110 qui
322 3026 427 3093 labore
448 3028 545 3093 nimio
567 3048 621 3093 ssu
643 3030 839 3115 aegritudine
859 3030 997 3112 corporis
1011 3029 1137 3093 seuioue
1153 3026 1267 3091 defessi
1282 3029 1366 3103 sunt,

246 3132 341 3196 etiam
364 3132 397 3195 iu
418 3132 575 3213 praesenti
589 3132 733 3198 uidemus
748 3133 865 3198 auferri
879 3152 936 3197 nec
951 3133 991 3197 ab
1007 3132 1132 3197 lromiue
1148 3147 1235 3212 posse
1250 3128 1369 3214 iugiter
1379 3160 1408 3200 as

216 3233 388 3300 2ererceri.
425 3238 540 3317 quanto
569 3234 670 3317 magis
700 3254 772 3318 ergo
800 3235 878 3301 haec
899 3236 933 3299 iu
954 3234 1060 3299 futuro
1090 3233 1265 3309 cessabunt,
1296 3251 1369 3297 cum

246 3338 513 3418 corruptibile
544 3338 615 3403 hoc
648 3337 786 3403 induerit
818 3338 1162 3419 incorruptionem
1198 3353 1368 3417 corpusque

245 3438 331 3505 istud
354 3444 434 3523 quod
455 3460 537 3507 nuuc
557 3441 733 3507 animale
755 3446 802 3507 est
831 3439 998 3505 surrexerit
1020 3438 1223 3522 spiritale
1245 3442 1278 3501 et
1299 3456 1369 3502 coe·

246 3546 328 3625 perit
349 3562 417 3609 caro
439 3563 499 3609 nou
522 3564 586 3613 esso
609 3548 672 3611 iam
687 3546 762 3611 talis
776 3548 813 3609 ut
826 3547 975 3609 aduersus
995 3544 1143 3626 spiritum
1158 3542 1367 3623 concupiscat.

245 3645 284 3709 de
306 3648 417 3728 quibus
439 3651 534 3714 etiam
557 3648 667 3714 beatus
683 3648 841 3732 apostolus
856 3646 1022 3712 manifeste
1037 3644 1221 3728 pronuntiat
1235 3661 1326 3724 corp
1337 3661 1366 3706 o·
1377 3671 1407 3710 ao

347 3850 634 3916 solomon-35
736 3852 771 3905 15
795 3850 846 3903 Mt
872 3850 911 3914 10,
935 3849 971 3902 42
1072 3847 1299 3912 &Mallon

245 3932 500 4003 aulcorlnoa
602 3934 862 4000 memmae
963 3933 1195 4001 coluimus

296 4104 406 4160 diluite
423 4104 466 4159 1)ι
550 4105 752 4162 4dioimusW
836 4106 970 4159 diustius
991 4105 1030 4160 W
1114 4101 1299 4171 lOrsguiD¹

246 4190 278 4245 12
296 4191 451 4244 auferentur
469 4190 563 4246 DXo:
593 4192 736 4246 auferenda
748 4194 812 4246 suut
828 4192 865 4247 W
950 4193 984 4247 14
1000 4207 1086 4245 moses
1103 4190 1187 4245 D¹W
1272 4190 1304 4242 19
1320 4188 1367 4241 sd·

245 4277 396 4331 ministrare
418 4278 455 4333 W
557 4278 592 4332 20
613 4295 675 4332 uam
694 4294 729 4333 ou
745 4295 794 4333 uec
812 4279 842 4333 D
944 4279 979 4332 24
1000 4279 1056 4348 qui]
1075 4294 1101 4346 q3
1118 4277 1160 4331 D*
1261 4273 1368 4329 dcffessi

249 4364 286 4419 W
387 4362 422 4417 29
438 4362 506 4417 tales
528 4364 576 4419 W¹
