3009 5200
306 424 371 491 286
701 422 868 477 Iohannis
885 422 1045 478 Cassiani

408 610 449 676 X
470 612 518 677 Do
537 613 737 678 institutione
763 612 915 677 untionis
935 614 1112 695 perpetuae.

392 716 449 783 Xl.
473 717 520 782 De
539 716 729 801 perfectione
749 717 909 795 orationis,
924 715 964 781 ad
979 735 1074 799 quam
1088 717 1249 799 praedicta
1264 717 1435 785 traditione

474 822 698 886 conscenditur.

372 924 448 991 XII.
470 923 686 1006 interrogatio,
729 922 993 1005 quemadmodum
1035 922 1193 1005 spiritales
1230 923 1435 1007 cogitationes

471 1028 664 1093 inmobiliter
685 1028 861 1107 teneantur,
1458 1054 1471 1095 s

357 1131 447 1199 XIII.
469 1133 518 1197 De
538 1131 718 1197 mobilitate
740 1131 977 1213 cogitationum.

339 1236 447 1303 XIIH.
469 1235 649 1319 Responsio,
678 1235 941 1317 quemadmodum
963 1234 1125 1299 stabilitas
1147 1234 1247 1299 cordis
1269 1252 1324 1299 sen
1346 1236 1433 1319 cogi-

470 1341 628 1405 tationum
649 1339 750 1422 possit
770 1338 901 1421 adquiri.

774 1549 974 1556 ——

351 1786 377 1852 I
406 1784 496 1851 Inter
524 1786 602 1850 haec
629 1785 886 1851 anachoretarum
914 1785 1063 1851 instituta
1090 1783 1248 1861 sublimia,
1277 1800 1356 1865 quae
1382 1783 1437 1846 ut·

308 1908 442 1971 cumque
462 1889 598 1955 donante
622 1890 680 1955 deo
701 1890 779 1955 licet
800 1890 935 1971 inperito
958 1888 1081 1972 digesta
1095 1892 1170 1953 snut
1184 1887 1267 1965 stilo,
1282 1884 1433 1969 quiddam
1445 1912 1468 1952 lo

307 2010 363 2058 uos
391 1993 577 2058 interserere
607 1996 701 2075 atque
730 1998 902 2067 contexere,
933 1994 1015 2075 qnod
1047 1994 1133 2057 uelut
1158 1992 1288 2074 pulcbro
1310 1988 1433 2071 corpori

308 2115 444 2162 uacuum
471 2096 628 2177 quendam
658 2098 802 2163 uideatur
831 2097 995 2179 adponere,
1024 2096 1209 2161 narrationis
1235 2095 1334 2177 ipsius
1357 2092 1432 2158 ordo

308 2200 472 2283 conpellit:
501 2218 691 2283 quamquam
724 2219 785 2267 non
819 2201 964 2266 dubitem
996 2201 1094 2266 etiam
1123 2220 1159 2264 ex
1187 2199 1244 2265 boc
1273 2199 1342 2280 ipso
1372 2213 1434 2261 non

307 2303 473 2368 minimam
493 2306 733 2370 instructionem
758 2323 850 2388 super
872 2306 1091 2389 omnipotentis
1105 2304 1155 2369 dei
1169 2322 1248 2385 quae
1262 2302 1295 2367 in
1311 2298 1427 2367 Genesi

307 2408 426 2491 legitur
453 2408 590 2494 imagine
619 2409 794 2492 quibusque
822 2410 1068 2493 simplicioribus
1091 2406 1318 2487 conferendam,
1342 2422 1467 2488 prae-1⁵

307 2512 417 2579 sertIm
445 2531 518 2578 cum
547 2514 630 2578 tanti
659 2512 817 2597 dogmatis
840 2532 932 2579 cauea
953 2514 1107 2590 uertatur,
1130 2513 1167 2576 nt
1187 2510 1340 2594 ignoratio
1363 2509 1430 2572 eins

306 2617 374 2683 sine
406 2618 527 2703 ingenti
559 2619 750 2702 blasphemia
780 2619 813 2682 et
839 2617 1010 2683 catholicae
1042 2617 1115 2682 iidei
1143 2617 1331 2681 detrimento
1360 2630 1428 2676 esec

307 2740 370 2788 uon
391 2721 500 2806 possit

349 2845 393 2909 II.
421 2845 511 2908 Intra
543 2843 679 2928 Aegypti
712 2843 871 2925 regionem
908 2860 975 2906 mos
1008 2841 1069 2906 iste
1100 2840 1230 2922 antiqua
1260 2835 1429 2901 traditione

307 2951 460 3029 seruatur,
482 2946 520 3011 ut
540 2952 664 3029 peraeto
679 2947 927 3031 Epiphaniorum
950 2946 1009 3024 die,
1032 2963 1124 3028 quem
1146 2941 1323 3026 prouinciae
1341 2939 1429 3005 illins
1443 2961 1467 3000 sc

211 3035 216 3048 ’
308 3051 482 3116 sacerdotes
503 3049 555 3114 nel
578 3051 726 3115 dominici
748 3050 901 3132 baptismi
930 3049 981 3114 nel
1009 3049 1177 3112 secundum
1199 3063 1324 3110 carnem
1347 3041 1429 3108 nati·

307 3153 417 3218 nitatis
439 3171 504 3218 esee
526 3153 682 3218 deliniunt
703 3158 735 3218 et
752 3153 867 3220 idcirco
883 3153 1047 3235 utriusque
1061 3149 1248 3216 sacrementi
1264 3147 1425 3213 sollemni-

308 3261 408 3322 tatem
422 3275 484 3324 non
499 3257 611 3323 bifarie
623 3260 661 3322 ut
674 3258 708 3320 in
719 3258 853 3323 occiduis
865 3257 1045 3340 prouinciis
1060 3254 1113 3319 sed
1123 3253 1181 3318 sub
1193 3272 1255 3319 una
1265 3252 1326 3318 diei
1338 3249 1430 3315 huius

306 3360 484 3427 festiditate
514 3361 743 3443 concelebrant,
773 3361 926 3444 epistulae
954 3357 1111 3441 pontilicis
1143 3353 1344 3423 Alexandrini
1377 3370 1430 3437 per

358 3651 587 3706 succendetur
608 3651 635 3704 V
734 3651 751 3704 6
775 3649 962 3704 mutabilitate
985 3647 1016 3700 X
1117 3645 1133 3698 t
1156 3643 1242 3700 XIIII
1259 3659 1311 3698 occ
1336 3641 1367 3696 D

307 3737 585 3808 quemammodumX
621 3805 627 3814 ἢ
673 3737 817 3805 tladqnir'n
836 3735 1021 3802 Finiuntcapl
1034 3733 1240 3800 conlat(conlac
1251 3731 1292 3796 D)
1308 3727 1363 3806 VD

306 3823 426 3894 Explicit
450 3824 472 3879 0
505 3822 661 3890 Expliciunt
678 3822 796 3892 capitulo,
820 3822 851 3875 X
952 3818 1051 3888 Incipit
1069 3817 1150 3886 (item
1166 3817 1207 3884 X)
1225 3815 1341 3868 eiusdem
1359 3811 1436 3909 senis

307 3927 422 3982 conlatio
445 3926 561 3980 secunda
583 3925 648 3990 (·II·
673 3925 709 3992 V)
732 3925 765 3979 de
789 3925 909 3980 oratione
931 3923 974 3992 (de
997 3924 1067 3976 orat.
1089 3937 1141 3975 om.
1166 3919 1201 3986 V)
1228 3917 1324 3972 VWX
1355 3915 1430 3983 Inclp

307 4015 398 4086 conlato
415 4013 468 4085 abb
484 4029 556 4084 iaaac
572 4028 687 4084 soeunda
704 4029 737 4083 de
760 4029 880 4082 oratione
900 4026 931 4081 D
964 4013 1031 4095 Inep
1051 4028 1112 4080 este
1135 4041 1170 4080 ·x·
1196 4025 1219 4080 O
1252 4024 1369 4080 Collatio
1391 4035 1430 4074 se·

307 4117 396 4172 cunda
417 4116 446 4171 P
547 4115 653 4170 sheec
675 4130 726 4170 orn.
751 4115 791 4170 W
893 4114 923 4167 11
939 4113 1034 4182 ,adque
1061 4111 1088 4166 V
1187 4110 1279 4178 pulcro
1301 4109 1365 4166 Wo

309 4201 342 4255 12
358 4217 457 4258 nouum
473 4201 590 4258 DOPX
683 4202 718 4256 lb
734 4200 880 4269 imaginem
902 4199 925 4254 O
1020 4199 1052 4252 l‘l
1069 4196 1149 4252 blasi.
1166 4196 1225 4251 Do
1318 4191 1425 4249 chatho-

307 4289 375 4344 licae
395 4288 422 4343 V
521 4289 557 4343 20
578 4287 684 4358 epyian.
708 4286 734 4339 V
758 4286 908 4356 epbyphnn.
930 4285 961 4340 D
990 4287 1088 4353 epiiau.
1115 4283 1180 4342 WP
1282 4278 1430 4351 pronintias

312 4375 397 4430 VDX
497 4375 532 4428 24
549 4373 695 4443 aepistolae
717 4373 756 4428 lV
781 4373 911 4444 epistolae
929 4370 1030 4428 D²0x
