3009 5200
297 434 362 499 442
684 430 847 483 lobannis
865 428 1025 481 Cassiani

296 624 434 688 locorum
477 621 644 687 interualla
680 621 827 704 disiungi.
874 619 957 702 apud
995 619 1086 684 deum
1121 637 1254 701 namque
1291 634 1413 681 morum

297 724 494 803 cohabitatio,
517 743 579 791 non
600 726 748 801 locorum,
778 725 867 788 unita
896 722 1009 787 fratres
1032 722 1222 788 habitatione
1243 719 1414 803 coniungit,

295 847 351 893 neu
373 830 475 911 potest
495 845 644 908 umquam
666 827 751 907 pacis
773 824 938 910 integritas
962 824 1120 905 custodiri,
1136 825 1190 889 ubi
1212 822 1413 889 uoluntatum

295 929 460 995 diuersitas
486 930 654 994 inuenitur.

337 1049 414 1115 llll.
437 1066 636 1115 ammove:
654 1048 736 1127 Quid
752 1050 847 1131 ergo?
862 1047 888 1111 si
904 1065 965 1111 uno
981 1046 1102 1111 uolente
1117 1048 1264 1129 perficere
1280 1046 1412 1129 aliquid,
1436 1069 1450 1107 a

294 1154 375 1236 quod
397 1153 568 1218 secuudum
590 1153 683 1217 deum
713 1153 897 1217 conmodum
921 1152 953 1215 et
974 1151 1096 1215 salubre
1118 1152 1316 1233 perspexerit,
1332 1150 1413 1214 alius

293 1274 354 1321 non
383 1258 520 1339 praestet
548 1256 725 1333 adsensum,
756 1254 1021 1337 exsequendumne
1051 1256 1147 1319 etiam
1172 1257 1280 1318 contra
1302 1258 1412 1317 uotum

293 1358 402 1424 fratris
423 1360 472 1423 eet
494 1378 533 1423 an
555 1377 610 1441 pro
632 1359 699 1423 eine
721 1358 853 1422 arbitrio
874 1358 1120 1441 neglegendum?

335 1478 537 1543 V.1osn1>n:
567 1476 686 1542 Idcirco
716 1476 850 1541 diximus
876 1476 1004 1559 plenam
1026 1480 1119 1559 atqua
1141 1476 1310 1558 perlectam
1332 1477 1412 1539 ami·

292 1580 384 1645 cibiae
413 1582 549 1660 gratiam
577 1580 639 1643 nisi
667 1580 750 1643 inter
779 1579 933 1661 perfectos
955 1580 1039 1643 uiros
1062 1579 1260 1659 eiusdemque
1282 1578 1412 1641 uirtutis
1423 1599 1448 1637 ιο

290 1700 486 1765 perseuerare
516 1700 576 1747 non
605 1701 703 1766 posse,
733 1701 809 1767 quos
839 1682 946 1747 eadem
978 1681 1125 1747 noluntas
1155 1700 1314 1763 unumque
1343 1700 1412 1761 pro

291 1785 429 1867 positum
459 1786 515 1850 aut
544 1804 714 1867 numquam
744 1786 799 1849 aut
821 1790 903 1849 certe
925 1802 994 1849 raro
1018 1784 1140 1849 diuersa
1162 1785 1278 1848 sentire
1301 1786 1355 1847 aut
1377 1784 1412 1845 in

291 1887 341 1951 hie
372 1905 450 1969 quae
477 1889 516 1952 ad
545 1888 721 1969 proiectum
742 1888 893 1968 spiritalis
915 1887 1074 1968 pertinent
1096 1887 1181 1951 uitae
1202 1887 1322 1969 patitur
1345 1884 1411 1949 dis-

291 1988 398 2054 sidere
449 1992 558 2071 quodsi
596 1991 743 2055 ammonia
781 1990 939 2071 coeperint
971 1989 1221 2054 contentionibus
1256 1994 1411 2066 aestuare,

289 2092 390 2173 liquet
418 2094 527 2175 utique
556 2111 608 2158 eos
637 2111 808 2175 numquam
837 2094 1005 2156 secundum
1035 2092 1175 2175 regulam
1204 2112 1297 2175 quam
1318 2110 1447 2174 prae-rr

290 2192 423 2259 diximus
444 2194 541 2259 fnium
562 2196 737 2260 concordes.
774 2195 829 2259 sed
851 2194 925 2277 quia
947 2212 1035 2259 nemo
1056 2196 1158 2278 potest
1179 2213 1198 2258 a
1220 2195 1411 2278 perfectione

289 2296 400 2362 habere
415 2293 614 2381 principium,
632 2296 694 2362 nisi
709 2300 762 2381 qui
777 2299 896 2381 abipso
911 2298 976 2363 eius
994 2302 1128 2382 coeperit
1142 2299 1353 2376 fundamento,
1377 2308 1411 2361 et

289 2417 344 2463 uos
358 2417 419 2466 non
434 2406 550 2481 quanta
571 2402 638 2465 eius
659 2402 702 2465 sit
723 2403 915 2485 magnitudo,
939 2402 993 2466 sed
1009 2401 1268 2485 quemadmodum
1283 2404 1321 2465 ad
1337 2420 1409 2464 eam

287 2503 442 2585 perueniri
463 2504 561 2587 possit
583 2506 750 2587 inquiritis,
774 2505 983 2569 necessarlum
1006 2524 1074 2570 reor
1089 2510 1124 2570 ut
1140 2506 1247 2585 paucis
1262 2504 1409 2586 regulam

288 2606 354 2670 eius
385 2609 473 2673 uobis
504 2627 541 2673 aa
575 2609 733 2673 tramitem
767 2608 922 2690 quendam
951 2627 1006 2691 per
1039 2627 1130 2690 quem
1160 2627 1282 2691 gressus
1307 2608 1446 2671 uestxieo

287 2708 464 2792 dirigantur
496 2712 640 2794 aperiam,
674 2716 710 2777 ut
741 2711 909 2794 patientiae
943 2731 979 2777 aa
1014 2713 1097 2795 pacis
1130 2712 1246 2776 bonnm
1282 2709 1409 2776 facilius

287 2813 425 2880 obtinere
447 2813 581 2894 possitis.
840 2821 843 2828 '

330 2933 385 2998 VI.
407 2935 515 2999 Prima
542 2935 640 3018 igitur
668 2936 742 3000 sunt
771 2954 862 3002 uerae
891 2936 1050 3001 amicitiae
1075 2937 1109 3000 in
1131 2937 1311 3016 contemptu
1333 2937 1409 3000 sub·

287 3039 421 3102 stantiae
442 3038 611 3103 mundialis
627 3041 660 3102 et
673 3042 811 3106 omnium
831 3059 908 3122 quas
925 3040 1074 3104 habemus
1089 3059 1193 3104 rerum
1209 3039 1409 3121 despectione

286 3139 480 3206 fundamina
516 3161 664 3224 perquam
689 3146 770 3208 euim
798 3144 947 3209 iniustum
971 3145 1063 3226 atque
1086 3144 1204 3226 inpium
1221 3143 1276 3220 est,
1292 3141 1321 3205 ai
1334 3144 1443 3224 postea

285 3242 537 3309 abrenuntiatam
565 3246 674 3310 mundi
704 3250 737 3310 et
759 3247 896 3311 omnium
919 3248 1053 3329 quaein
1076 3265 1111 3310 eo
1133 3247 1206 3310 sunt
1231 3245 1408 3310 uanitatem

285 3344 529 3428 pretiosissimae
551 3346 659 3412 fratris
682 3348 839 3413 dilectioni
864 3350 1003 3432 supellex
1026 3347 1181 3414 uilissima
1202 3366 1280 3429 quae
1294 3366 1407 3430 super·

285 3447 347 3512 fuit
368 3447 570 3529 praeferatur.
607 3453 779 3516 secundnm
795 3454 843 3517 est
857 3457 893 3516 ut
912 3453 958 3518 ita
972 3471 1042 3518 snas
1059 3451 1270 3533 unusquisque
1284 3453 1408 3516 resecet

285 3552 472 3633 uoluntates,
502 3573 541 3618 ne
570 3555 742 3636 sapientem
773 3557 865 3636 atque
898 3555 1074 3620 consultum
1104 3572 1170 3619 esse
1202 3573 1234 3618 se
1262 3551 1407 3617 iudicans

336 3841 349 3893 1
371 3843 498 3910 coniungi
514 3841 553 3893 Σι
647 3845 713 3910 aput
730 3843 788 3895 ΣΟ
885 3841 990 3894 dunno
1087 3839 1285 3910 lquoabltatio
1310 3839 1336 3892 0

281 3919 301 3980 ‘7
319 3927 453 3998 exequo
551 3928 584 3982 12
601 3940 661 3980 raro
679 3927 746 3980 facit
765 3927 817 3979 ΤΟ
913 3925 1024 3980 aduersa
1042 3929 1067 3978 'l'
1162 3926 1194 3978 16
1212 3927 1237 3994 a]
1256 3923 1289 3978 ad
1308 3925 1335 3976 Σ

283 4005 317 4066 '18
339 4013 395 4067 silut
418 4015 475 4066 eins
499 4014 523 4067 Ο
627 4013 658 4067 19
681 4015 819 4080 peruenire
837 4011 907 4066 ΠΟι
1010 4011 1045 4064 20
1062 4011 1138 4064 uobis
1155 4011 1209 4063 eius
1227 4009 1335 4063 tiron

283 4097 318 4153 22
335 4100 453 4168 optinere
470 4099 529 4150 ΣΤ
628 4097 663 4150 23
680 4100 806 4151 contentu
825 4097 853 4148 Σ
954 4095 988 4149 24
1006 4095 1166 4166 dispectione
1184 4093 1222 4146 11¹
1252 4093 1405 4163 dlpeetione

282 4185 318 4234 Υ*
408 4185 441 4238 25
454 4185 522 4238 euim
536 4198 586 4238 om.
599 4187 625 4235 Y
713 4183 961 4237 26renuntiatall¹
980 4181 1214 4236 renuntiatamll'
1231 4179 1404 4236 abrenuntia-

282 4269 384 4323 tionem
409 4271 435 4321 Τ
544 4271 696 4324 sanitatum
724 4271 759 4320 Ψ
868 4267 901 4321 2ῖ
928 4267 1044 4338 praefuit
1071 4269 1108 4319 Σι
1144 4265 1284 4335 superfluit
1312 4269 1338 4318 Y

282 4353 317 4407 29
333 4370 361 4408 ae
378 4371 428 4409 om.
445 4356 474 4406 Σ
480 4357 505 4410 Ο
