3009 5200
266 429 330 498 680
655 427 819 484 Iohannis
836 427 993 482 caesioni

307 617 363 684 VI.
401 615 607 698 Quamobrem
649 617 696 682 ita
732 617 877 684 monachi
913 618 1016 685 omnis
1052 617 1183 683 intentio
1218 616 1251 683 in
1285 635 1388 684 unum

266 739 387 805 semper
416 727 462 787 eet
490 720 651 804 defigenda
681 723 932 806 cunctarumque,
955 722 1180 806 cogitationum
1210 723 1277 787 eius
1298 726 1390 787 ortus

267 825 359 907 atque
381 823 529 890 circuitus
552 823 583 888 in
608 823 641 888 id
663 823 775 906 ipsum,
805 825 906 892 idest
927 825 967 890 ad
989 824 1173 892 memoriam
1194 823 1244 890 dci
1258 828 1391 890 strenue

266 927 442 1006 reuocandi,
475 927 565 992 uolut
593 927 623 992 si
651 927 721 1011 quis
749 929 861 994 teretis
889 928 1015 993 absidae
1043 946 1199 994 cameram
1221 928 1329 993 uolens
1352 929 1390 993 in

266 1030 400 1096 sublime
431 1030 613 1097 concludere
646 1029 849 1097 subtilissimi
876 1031 964 1097 illiue
993 1031 1091 1096 ceuhi
1120 1030 1237 1097 lineam
1268 1030 1429 1114 iugitorr

265 1133 473 1199 circumducat
495 1151 531 1199 ao
552 1135 723 1200 secundum
749 1133 835 1200 illiue
864 1134 1068 1200 certissimam
1098 1152 1239 1200 normam
1260 1151 1389 1200 omnem

233 1235 468 1304 drutunditatis
505 1236 696 1320 parilitatem
732 1238 908 1304 structuras
946 1236 1076 1321 colligat
1110 1236 1287 1319 disciplina
1332 1237 1390 1321 qui

264 1358 338 1408 uero
382 1358 451 1407 eam
495 1342 610 1424 absque
653 1341 742 1406 illiue
779 1339 958 1406 medietatis
994 1339 1135 1405 examine
1172 1357 1390 1406 consummare

264 1444 407 1528 quamtus
430 1462 553 1510 summa
573 1445 651 1510 artis
671 1447 727 1508 aut
756 1445 875 1530 ingenii
896 1445 1149 1528 praesumptione
1169 1443 1388 1526 temptauerit,

267 1546 448 1631 inpossibile
480 1548 529 1613 est
561 1551 598 1612 ut
629 1547 858 1630 aequalitatem
889 1546 1038 1614 chcultue
1069 1546 1156 1612 illius
1188 1547 1256 1612 sine
1284 1565 1425 1613 errorero

265 1649 421 1718 custodiat
443 1652 499 1715 ant
513 1653 665 1733 quantum
680 1669 773 1716 uerae
790 1650 996 1716 rutunditatis
1010 1649 1238 1732 pulchritudini
1254 1650 1388 1716 errando

265 1753 454 1820 subtraxerit
481 1755 548 1819 solo
577 1754 786 1837 deprehendat
812 1759 949 1837 aspectu,
980 1753 1044 1818 nisi
1073 1755 1113 1818 ad
1134 1752 1227 1818 illum
1249 1753 1389 1818 iudicem

265 1856 408 1924 ueritatis
430 1876 553 1941 semper
566 1875 728 1923 recurrens
744 1858 838 1941 atoue
851 1857 918 1922 eius
943 1856 1074 1922 arbitrio
1088 1855 1270 1922 interiorem
1285 1855 1388 1938 operis

265 1961 315 2026 sui
329 1959 484 2026 ambitum
499 1961 741 2044 exterioremque
756 1960 911 2042 castigans
925 1962 993 2025 tam
1009 1959 1147 2024 excelsae
1161 1960 1388 2042 magnitudinis

233 2063 380 2132 imolam
409 2064 501 2129 unius
529 2063 637 2148 puncti
659 2063 727 2146 loge
758 2061 934 2129 concludat
969 2063 1016 2127 ita
1038 2061 1135 2128 otiam
1157 2080 1246 2127 mons
1267 2066 1423 2143 nostran

265 2165 327 2231 uisi
349 2166 448 2232 solam
471 2165 587 2232 domini
609 2165 773 2232 cadtatem
797 2164 887 2230 uelut
907 2169 1051 2231 centrum
1071 2163 1267 2229 inmobiliter
1288 2163 1388 2232 lixum

264 2290 319 2356 per
354 2273 504 2337 uniuersa
538 2288 665 2355 operum
701 2271 961 2353 molitionumque
1004 2272 1181 2336 nostrarum
1225 2273 1389 2335 momenta

265 2376 478 2459 oncumagens
500 2374 655 2457 probabili
676 2375 714 2439 ut
735 2375 783 2439 ita
804 2374 936 2439 dixerim
957 2372 1071 2440 circino
1087 2373 1230 2440 caritatis
1245 2373 1387 2439 omnium

264 2477 486 2561 cogitationum
509 2477 561 2542 uel
583 2478 739 2559 aptaucrit
767 2478 820 2543 uel
849 2478 1019 2560 reppulerit
1049 2477 1246 2560 qualitatem,
1268 2493 1389 2560 nequa·

265 2600 356 2665 quam
387 2583 576 2647 structuram
606 2580 696 2647 illam
726 2581 861 2648 aedificii
890 2581 1051 2665 spiritalia,
1082 2581 1170 2646 cuius
1198 2580 1316 2647 Paulus
1337 2583 1423 2646 estro

264 2683 465 2763 architectus,
488 2684 643 2767 probabili
657 2686 725 2750 arte
740 2686 898 2765 molietur,
921 2704 978 2750 nec
991 2685 1258 2766 pulchritudinem
1272 2685 1386 2749 domus

264 2787 351 2853 illius
383 2788 563 2871 possidebit,
594 2806 687 2872 quam
717 2791 828 2856 beatus
862 2788 963 2854 Dauid
993 2790 1026 2853 in
1056 2789 1146 2854 cordo
1175 2805 1231 2852 suo
1260 2787 1386 2853 domino

266 2891 392 2974 cupiens
413 2891 556 2957 exhibere
577 2891 744 2975 domine,
767 2892 880 2977 inquit,
903 2892 1030 2957 dilexi
1052 2894 1230 2957 decorem
1251 2890 1386 2955 domus

264 2996 368 3074 tuae,
393 2996 579 3061 stlocum
602 2994 876 3060 habitationis
905 2994 1059 3078 gloriae
1086 3000 1195 3075 tuas,
1218 2994 1274 3058 sed
1295 2993 1384 3058 inde·

264 3114 369 3163 corum
398 3099 430 3163 in
460 3100 550 3165 corde
580 3116 635 3164 suo
664 3100 758 3180 atque
787 3097 947 3182 indignam
977 3096 1103 3180 spiritui
1125 3097 1235 3161 sancto
1256 3096 1419 3161 demuma

266 3200 472 3284 continuoque
502 3202 659 3283 lapsuram
688 3200 892 3283 inprudenter
915 3201 1057 3279 adtollat,
1080 3217 1142 3265 non
1164 3193 1385 3285 glorificandus

363 3483 398 3537 20
415 3484 448 3537 cl.
466 3483 480 3537 I
500 3482 561 3539 Cor.
578 3484 603 3549 3,
623 3484 656 3538 10
757 3479 793 3538 23
808 3482 854 3537 Pa.
871 3482 913 3547 25,
930 3483 948 3536 8

313 3748 434 3819 satque
451 3749 491 3803 13¹
576 3750 705 3805 4tcretis
723 3766 774 3805 om.
792 3751 843 3805 Kc
928 3748 1021 3803 abside
1032 3748 1124 3803 Rau:
1150 3746 1253 3801 absidis
1264 3746 1317 3800 Kc

263 3835 373 3890 billius
391 3850 440 3889 osu.
459 3837 511 3891 Kc
596 3836 737 3891 luctuud.
757 3835 869 3890 m
950 3838 978 3889 ot
996 3838 1148 3889 structurae
1166 3833 1219 3887 Kc
1303 3831 1385 3886 discl-

263 3921 366 3990 plinam
381 3922 454 3978 0Κο
526 3922 638 3977 8ulline
651 3922 683 3976 K
754 3919 985 3975 examinationeO
1057 3916 1317 3987 ttemptauoratB¹

267 4010 297 4063 ll
317 4008 421 4063 rotund.
440 4008 551 4063 B²F¹K
644 4007 864 4077 pulcritudiniO
892 4004 1092 4075 pulchritudine
1108 4005 1151 4058 Κι
1248 4004 1282 4057 13
1299 4004 1384 4073 adque

265 4093 293 4147 B
396 4093 430 4148 14
451 4093 598 4149 excelsaO
701 4093 875 4148 altitudinem
897 4092 978 4146 molis
998 4092 1033 4145 Κ
1132 4091 1166 4145 18
1187 4088 1326 4160 probabile
1345 4088 1384 4143 B¹

266 4179 453 4248 Oprababile
470 4181 508 4235 Κ
611 4180 782 4235 lamtatieO
883 4179 917 4232 19
934 4177 1062 4247 repulerit
1081 4175 1134 4231 ΒΟ
1234 4175 1270 4229 20
1288 4175 1384 4229 iahuc·

264 4266 353 4320 turam
371 4267 409 4320 Β·
496 4268 527 4320 21
547 4266 755 4335 pulcritudinem
778 4265 834 4321 ΟΚ
916 4264 950 4319 23
966 4262 1063 4333 inquid
1081 4262 1202 4318 ΒΚΟΚ1
1287 4262 1321 4316 25
1339 4262 1385 4317 ad·

264 4366 315 4419 que
332 4352 371 4405 Β1
474 4352 571 4421 spiritu
592 4352 648 4408 O¹c
749 4352 783 4405 26
801 4350 911 4406 adtollit
928 4348 1006 4406 codd.
1108 4348 1175 4416 uon]
1193 4346 1227 4401 ad
1244 4347 1275 4401 F
