3009 5200
487 451 649 508 Conlatio
669 453 734 520 XII,
751 456 828 509 8-9.
1153 457 1217 523 349

94 643 280 724 probatione
303 642 456 708 fulcitur?
478 642 509 706 et
531 641 597 708 ideo
620 642 759 724 quisquis
776 641 815 707 ad
830 642 921 706 illum
936 640 1084 726 puritatis
1098 642 1247 709 statnmb

92 748 159 830 iugi
194 746 295 812 sordis
327 745 501 812 intentione
533 745 719 828 peruenerit,
755 749 792 811 ut
824 745 889 810 iarn
921 748 1026 810 mente
1053 745 1093 810 ab
1123 747 1216 812 buius

93 850 246 932 passionis
275 848 458 914 titillatione
488 847 612 932 penitus
641 847 783 914 absoluta
811 864 867 929 per
895 864 1037 930 soporem
1059 866 1130 914 earo
1152 849 1217 913 eius

93 953 182 1018 uelut
216 951 455 1018 redundantiam
488 949 639 1033 superflui
673 954 789 1017 umoris
826 951 969 1034 expellat,
1008 951 1217 1018 condicionem

74 1057 285 1138 smodumque
317 1058 446 1120 naturae
479 1054 650 1120 uertiseime
683 1052 897 1138 deprehendet,
931 1056 964 1118 et
992 1054 1039 1119 its
1067 1073 1138 1120 oum
1164 1072 1217 1119 ex·

93 1159 292 1241 pergefaotns
326 1157 484 1223 inuenerit
516 1175 640 1222 earnem
673 1174 763 1222 suam
792 1160 864 1241 post
891 1157 986 1242 longa
1014 1159 1156 1241 tempora
1182 1175 1218 1222 se

93 1263 192 1326 inseio
227 1265 319 1344 utque
350 1260 515 1344 ignorante
547 1259 711 1343 pollutam,
749 1265 819 1325 tum
851 1261 977 1326 demum
1010 1261 1048 1326 do
1080 1261 1217 1326 naturali

93 1365 279 1430 nenessitate
308 1366 461 1448 causetur,
491 1367 529 1430 ad
559 1363 650 1428 illum
678 1363 746 1428 eine
769 1364 862 1431 dubio
882 1363 1067 1448 perueniens
1088 1365 1219 1448 etatum

94 1471 131 1532 ut
154 1469 228 1534 talis
252 1467 427 1534 inueniatur
449 1466 482 1530 iu
506 1469 595 1532 noete
618 1467 719 1548 qualis
741 1467 775 1531 in
797 1466 859 1542 die,
882 1467 956 1532 talis
971 1465 1005 1530 in
1022 1468 1101 1532 leoto
1116 1465 1218 1548 quon

67 1572 128 1636 uin
151 1572 302 1654 oratione,
326 1570 400 1636 talis
422 1571 507 1636 solue
529 1569 630 1652 qualis
653 1571 752 1635 turbis
777 1569 940 1636 bominum
962 1570 1217 1651 oironmsaeptue,

95 1674 252 1757 postremo
284 1676 321 1739 ut
353 1691 523 1756 numquam
557 1691 590 1738 se
623 1672 718 1738 talem
751 1673 889 1738 seoretue
920 1673 1060 1755 aspiciat,
1095 1674 1218 1756 qualem

95 1777 198 1842 uideri
227 1776 266 1844 ab
297 1777 473 1842 hominibus
503 1775 668 1852 erubescit,
699 1794 758 1840 neo
779 1777 811 1841 in
835 1793 870 1842 eo
892 1776 956 1842 tale
978 1776 1095 1858 aliquid
1117 1774 1218 1840 ineui-

96 1879 204 1946 tabilis
234 1879 288 1946 ille
318 1882 425 1946 oeulus
456 1879 676 1962 deprehendat,
706 1881 787 1962 qnod
813 1878 854 1944 ab
877 1878 1022 1945 humanis
1044 1879 1219 1962 aspectibus

96 1984 173 2048 nolit
203 2001 271 2048 esse
301 1983 447 2048 uelatum.
485 1986 517 2048 ot
546 1983 591 2048 ita
620 2000 691 2046 oum
721 1981 858 2065 eoeperit
885 1980 1071 2046 suauissimo
1101 1978 1248 2047 luminati

67 2086 253 2153 eonstitatie
283 2085 397 2170 ingiter
427 2085 584 2165 doleotari‚
616 2085 718 2150 dioere
746 2085 862 2167 poterit
892 2103 964 2150 oum
992 2084 1156 2169 propbeta:
1179 2083 1219 2148 et

99 2207 168 2255 nox
197 2188 459 2255 inluminatio
491 2189 531 2252 in
564 2187 730 2253 delioiie
763 2188 869 2252 mois.
907 2186 998 2268 qnia
1030 2184 1219 2250 tenebrae

8 2331 9 2334 =
100 2311 172 2357 non
194 2293 516 2359 obscurabuntur
531 2310 549 2357 a
565 2293 618 2370 to,
635 2293 761 2356 etnox
782 2288 986 2355 sioutdies
1007 2288 1219 2354 inlumina·

99 2393 223 2460 bitur:
247 2395 356 2464 siout
377 2394 568 2461 tenebrae
592 2394 693 2474 eius,
716 2395 772 2459 ita
793 2395 983 2460 etlumen
1004 2393 1098 2458 eins.
1130 2390 1219 2458 deni·

100 2519 157 2582 qua
192 2501 252 2564 hoo
287 2501 401 2584 ipsum,
439 2501 512 2583 qnia
547 2517 643 2580 supra
685 2498 896 2564 condicionem
931 2499 1060 2563 naturae
1095 2494 1220 2560 uidetur

71 2603 259 2686 inhumanae,
283 2604 417 2686 qualiter
439 2603 610 2669 obtinuerit
630 2602 715 2667 idem
737 2601 887 2684 propheta
909 2598 1073 2683 subiungit
1095 2598 1218 2664 dicens:

101 2708 186 2791 quia
214 2709 256 2772 ιιι
288 2707 510 2789 possedisti
537 2724 647 2772 renes
676 2723 794 2784 meos,
825 2705 857 2769 id
887 2706 944 2786 est,
975 2721 1038 2768 non
1064 2700 1219 2767 industria

8 2864 9 2867 ,
100 2828 167 2877 mea
197 2830 297 2895 neque
330 2812 448 2877 uirtute
480 2810 561 2877 bano
592 2810 748 2893 promerui
781 2806 959 2892 puritatem,
993 2806 1047 2872 sed
1080 2804 1153 2887 qnia
1181 2804 1218 2869 tu
1249 2882 1252 2886 ¹

101 2913 294 2981 mortiboasti
310 2914 439 3005 insitum
454 2913 581 3002 renibus
597 2913 675 2979 meis
689 2911 874 2979 libidinosae
884 2910 1057 2993 uoluptatis
1069 2910 1219 2974 ardorem.

140 3034 247 3100 VIIII.
276 3052 475 3101 sumnus:
503 3034 688 3117 Perpetuam
722 3033 848 3117 quidem
880 3030 1016 3113 eorporis
1049 3028 1220 3111 puritatem

74 3156 136 3203 ser
163 3138 252 3221 parte
282 3137 386 3222 aliqua
413 3138 532 3221 experti
558 3154 665 3203 snmus
693 3155 712 3202 a
739 3135 947 3221 uigilantibus
972 3152 1063 3217 posse
1091 3151 1147 3216 per
1169 3131 1220 3197 dei

103 3240 236 3323 gratiam
263 3241 424 3326 possideri,
454 3244 486 3305 et
514 3238 742 3307 permotionem
770 3238 872 3305 earnis
894 3237 1098 3302 dietrietionis
1118 3236 1220 3318 rigore

8 3332 9 3401 ἒ
105 3344 195 3427 atem
218 3342 333 3409 iudioio
356 3343 519 3409 resistente
540 3341 749 3427 uigilantibus
772 3359 861 3425 posse
882 3357 941 3406 non
963 3340 1142 3423 contingere
1159 3356 1220 3402 non

202 3572 236 3629 15
254 3564 300 3627 Pe.
318 3572 377 3639 138,
396 3570 496 3627 11-12
598 3570 631 3625 21
651 3570 670 3625 ι.
688 3586 710 3625 o.
729 3572 763 3625 13

151 3784 168 3839 2
184 3782 229 3855 ab]
248 3784 282 3838 ed
298 3784 337 3836 11ι
436 3785 456 3839 4
472 3784 551 3839 uelud
569 3784 594 3836 'l'
687 3783 878 3839 numeriano
979 3781 1078 3837 eondit
1096 3781 1155 3832 ΠΨ

105 3872 262 3941 bmodoquo
278 3870 318 3923 11Ι
414 3868 509 3940 deprae
522 3872 557 3939 (a)
570 3870 665 3926 beudit
682 3870 752 3923 11¹?
778 3869 975 3939 depraehendat
990 3869 1033 3920 11¹
1127 3866 1219 3935 dper-

105 3957 253 4014 rennos
351 3957 712 4013 Munditenentem?
808 3951 1219 4025 postdisuddlrtalisin

105 4044 142 4101 ue
232 4043 275 4098 aa
292 4046 321 4097 a
337 4042 363 4095 ο
456 4045 490 4098 10
507 4044 697 4113 diremptu
714 4030 836 4103 nuno
929 4042 961 4097 ιι
979 4042 1111 4095 ameum
1128 4040 1155 4091 n

106 4132 135 4185 12
151 4129 280 4185 erubireit
294 4129 335 4181 Πι
431 4130 463 4184 13
481 4129 514 4183 ab
532 4144 583 4185 eru.
600 4130 626 4183 ι’
720 4129 755 4183 14
770 4128 849 4183 nollit
866 4128 897 4179 11
989 4126 1022 4181 11)
1038 4124 1106 4194 prof.
1122 4123 1152 4174 Π

106 4218 136 4275 lt
151 4218 245 4273 iulum.
262 4232 321 4271 mes
339 4216 407 4286 0(n)
488 4215 521 4271 19
537 4231 616 4285 nuper
634 4216 659 4269 Ο
737 4214 836 4273 tondit
854 4215 912 4266 HT
987 4211 1022 4267 21
1038 4210 1107 4282 prof.
1124 4210 1152 4264 Π

106 4300 136 4357 22
156 4305 188 4359 tu
210 4316 262 4358 orn.
285 4304 311 4355 ι’
408 4301 444 4357 23
466 4301 616 4357 uoluntatis
637 4302 697 4355 1121
800 4302 835 4357 23
857 4298 987 4369 poseodsri
1009 4296 1048 4350 11¹
1152 4312 1220 4351 eonn-

108 4390 231 4443 motionee
248 4388 275 4440 d‘
374 4386 557 4442 destrictionis
575 4386 630 4451 ΣΟ
657 4386 840 4443 distrietioues
856 4385 895 4437 11ί
