3009 5200
272 427 336 492 650
611 395 615 404 ⁵
660 423 826 480 Iohannis
848 424 1006 478 Cassiani

272 615 450 700 pendemus,
474 635 534 680 nou
558 616 755 681 mediocriter
777 613 978 679 formidantes
1000 615 1137 696 nequod
1152 614 1392 696 sorteineptum

272 723 327 784 aut
349 722 550 802 incongruum
573 721 702 784 uerbum
726 718 968 783 misericordiam
989 718 1144 782 audientis
1166 720 1300 795 auertat,
1323 721 1394 782 tum

273 823 382 888 deinde
413 823 439 886 si
469 823 568 888 nobis·
586 826 619 887 in
643 825 707 888 foro
730 841 768 887 ee
792 822 930 886 iudieurn
952 822 1158 887 saecularium
1180 821 1395 888 tribunalibus

272 927 460 1007 constitutis,
496 925 665 991 adsistente
699 926 796 990 etiam
825 941 842 990 e
869 928 977 990 eontra
1010 924 1198 1004 aduersario,
1227 925 1262 989 in
1289 926 1395 990 media

270 1031 483 1114 perseeutione
504 1033 597 1112 atque
619 1029 766 1094 eondietu
788 1029 893 1104 tussis,
923 1033 1094 1110 excreatus,
1115 1029 1208 1104 nans,
1236 1028 1429 1108 oaeitatim

269 1151 394 1201 somnus
429 1134 608 1216 obrepserit,
642 1135 758 1214 quanta
789 1131 825 1195 in
847 1131 1016 1214 perniciem
1045 1133 1185 1196 nostram
1215 1131 1394 1215 uigilantis-

240 1233 367 1302 4simus
391 1237 537 1303 inimieus
560 1237 757 1302 seueritatem
775 1236 886 1302 iudieis
901 1236 1101 1301 enumerabit
1115 1235 1248 1301 inuidia:
1275 1241 1394 1317 quanto

271 1341 380 1423 magis,
411 1359 481 1405 eum
512 1339 563 1404 illi
591 1339 782 1404 oeeulternm
812 1339 952 1403 omnium
975 1339 1126 1421 eegniteri
1149 1358 1203 1421 pro
1224 1341 1394 1406 inminenti

269 1446 434 1527 perpetuae
471 1445 582 1508 mortis
619 1442 760 1525 periculo
796 1443 1018 1526 supplicamus,
1052 1442 1237 1525 praesertim
1268 1459 1344 1507 eum
1378 1460 1396 1505 e

166 1539 175 1562 '
270 1547 391 1611 diuerso
414 1545 546 1611 callidus
569 1545 713 1610 seduetor
727 1547 843 1630 pariter
859 1547 891 1610 et
914 1547 1098 1612 eriminater
1112 1546 1253 1623 adsistat
1268 1547 1430 1623 intentam

270 1651 363 1732 atque
393 1649 527 1715 sollicita
556 1651 693 1714 oratione
724 1649 890 1714 iudicantis
917 1650 1018 1732 pietas
1040 1649 1223 1731 inploranda
1245 1653 1312 1714 est!
1335 1667 1395 1712 nee

269 1749 385 1817 iniuste
407 1769 469 1817 neu
493 1752 593 1818 solum
616 1753 680 1818 leui
703 1755 842 1834 pestate,
864 1753 918 1818 sed
940 1754 1039 1818 etiam
1060 1751 1246 1835 grauissimo
1260 1753 1394 1818 erimine

268 1855 427 1938 inpietatis
449 1855 670 1938 adstringetur,
693 1858 748 1938 qui
769 1873 895 1938 prooem
917 1857 974 1921 deo
996 1856 1129 1921 tundens
1150 1855 1253 1920 subito
1276 1875 1296 1920 a
1318 1872 1394 1920 eon·

269 1961 376 2040 speetu
399 1954 465 2024 eius
488 1960 576 2041 quasi
597 1961 637 2024 ab
652 1960 750 2024 oeulis
764 1977 825 2024 non
847 1959 985 2024 uideatis
1000 1977 1058 2024 nee
1072 1957 1227 2024 audientis
1242 1959 1393 2041 cegitati-

238 2059 334 2126 aenis
367 2061 513 2146 inprobae
546 2063 717 2127 uanitatem
753 2065 880 2126 seoutns
913 2061 1068 2128 abseedat.
1106 2062 1156 2127 illi
1187 2065 1306 2144 antem
1338 2060 1429 2143 qui„

268 2165 372 2229 oeulos
410 2165 509 2230 cordis
546 2165 593 2230 sui
631 2167 801 2248 eontegunt
836 2181 938 2230 erasso
975 2165 1131 2231 uelamine
1165 2165 1318 2231 uitiorum
1354 2181 1393 2228 ae

266 2269 436 2334 seeundum
466 2268 656 2334 sententiam
686 2270 850 2335 saluatoris
879 2269 1064 2336 uidentes
1094 2286 1169 2333 non
1191 2270 1332 2333 uident
1353 2269 1393 2332 et

269 2370 477 2436 audientes
507 2389 582 2436 non
611 2373 784 2437 audiunt
812 2390 937 2455 neque
967 2372 1236 2456 intellegunt,
1270 2371 1325 2436 uix
1358 2371 1391 2434 in

267 2473 441 2538 reeessibus
471 2473 606 2556 peetoris
636 2475 684 2540 sui
716 2477 826 2540 etiam·
842 2474 903 2540 illa
931 2493 1010 2558 quae
1038 2491 1152 2556 magna
1181 2478 1214 2539 et
1243 2472 1393 2557 capitalia

268 2578 341 2643 sunt
371 2577 503 2644 erimina
525 2579 783 2663 contemplantur,
810 2579 914 2645 nullas
934 2580 1041 2645 antem
1064 2578 1292 2662 eogitatienum
1314 2575 1426 2658 aab-,0

267 2681 429 2764 reptiones¹
453 2682 508 2746 sed
530 2700 628 2764 neque
652 2682 722 2747 iilos
746 2682 777 2747 in
800 2700 833 2747 se
856 2680 989 2747 lubricos
1020 2682 1218 2764 oeeultosqne
1239 2681 1391 2764 pruritus,

266 2783 319 2865 qui
350 2786 486 2849 mentem
517 2786 604 2850 tenui
627 2786 719 2869 atque
741 2784 854 2850 subtili
876 2785 1075 2867 suggestione
1096 2787 1308 2869 eonpnngunt,
1332 2802 1392 2849 nee

266 2886 465 2969 captiuitates
496 2887 618 2954 animae
647 2904 721 2953 snae
748 2888 881 2970 possunt
908 2888 1052 2972 purgatis
1077 2886 1240 2953 obtutibus
1263 2886 1391 2962 intueri,

265 2988 318 3053 sad
348 2988 564 3055 inuerecundis
595 3009 715 3073 semper
744 2990 986 3075 eom‘tationibus
1016 2994 1183 3073 euagantes
1205 3006 1263 3053 nee
1285 2989 1392 3054 dolere

265 3096 389 3167 nerunt,
414 3110 485 3157 eum
507 3093 545 3158 ab
568 3093 624 3157 illa
645 3094 906 3177 contemplatione
933 3111 1012 3176 qnae
1027 3092 1196 3175 singularis
1211 3096 1260 3156 est
1274 3091 1426 3168 distre-,5

264 3194 390 3276 huntur,
422 3212 480 3261 nee
512 3196 630 3261 habent
663 3196 745 3278 qued
778 3214 813 3261 se
848 3196 975 3261 doleant
1007 3196 1159 3271 amisisse,
1192 3194 1308 3278 quippe
1335 3194 1391 3278 qni

264 3300 399 3363 mentem
436 3316 525 3363 suam
568 3298 788 3383 ingruentibus
825 3301 862 3364 ut
896 3298 1026 3364 libitum
1062 3301 1111 3364 eat
1146 3298 1390 3383 eogitatienitns

367 3536 467 3591 lurra.
486 3538 528 3605 re,
548 3537 580 3591 13

315 3756 493 3825 lpendimus
517 3754 599 3811 ΒΕΘ
701 3754 926 3811 eseam:
956 3754 1116 3810 autK'Zo
1218 3756 1390 3811 demo

262 3848 385 3897 econtra
403 3840 489 3910 obad
574 3838 789 3909 dperseeuttene
806 3838 848 3895 B:
876 3845 1006 3910 pressent
1024 3842 1119 3896 tetta
1152 3848 1155 3856 ’
1203 3842 1275 3895 tntis
1293 3841 1324 3896 F

262 3930 396 3982 excreatus
414 3928 454 3981 B:
481 3928 616 3981 execratus
635 3926 665 3979 F
691 3930 809 3981 sereatda
828 3924 898 3996 Ode
999 3928 1017 3981 6
1035 3929 1135 3996 quanta
1153 3926 1231 3981 K'ot
1256 3931 1389 3995 quantam

261 4014 320 4068 νεα.
407 4014 587 4068 taenaritate
604 4012 663 4067 BF
746 4013 914 4067 eonnoaebit
931 4012 972 4068 Fr
998 4028 1092 4067 comm.
1109 4014 1168 4068 rsa
1255 4013 1388 4068 inuidiam

263 4098 319 4151 BF
405 4097 434 4151 11
455 4095 599 4152 indicantis
619 4098 659 4151 ΠΙ
747 4096 781 4151 12
798 4112 849 4152 non
862 4098 1051 4168 solnmnond
1140 4100 1174 4153 13
1189 4097 1389 4169 adstringam·

267 4180 498 4252 Oadstringitnr
515 4182 577 4252 Me)
675 4184 706 4237 14
724 4184 900 4252 eogitationes
917 4182 958 4238 ΠΙ
1056 4185 1322 4257 remanentes

263 4268 296 4322 17
324 4266 433 4323 uideant
459 4268 531 4338 Μ’
635 4270 668 4323 18
691 4270 800 4325 audient
822 4272 851 4325 B
954 4272 988 4326 19
1013 4272 1158 4341 patratoris
1179 4270 1221 4327 F·
1324 4274 1387 4329 sunt

263 4354 291 4405 et
307 4353 434 4422 capitalia
451 4354 491 4423 βυ
593 4356 627 4410 22
645 4355 730 4424 adque
748 4356 776 4411 B
878 4358 914 4413 24
929 4356 1063 4414 doloraO
